id,date,price,bedrooms,bathrooms,sqft_living,sqft_lot,floors,condition,grade,sqft_above,sqft_basement,yr_built,zipcode,sqft_living15,sqft_lot15,age,day_of_year,bed_bath_ratio,level_ratio,relative_living_space,relative_lot_size,level_difference
7129300520,10/13/2014,221900.0,3,1.0,1180,5650,1.0,3,7,1180,0.0,1955,98178,1340,5650,24538 days 14:04:55.984163,286,3.0,0.0,-160,0,1180.0
6414100192,12/9/2014,538000.0,3,2.25,2570,7242,2.0,3,7,2170,400.0,1951,98125,1690,7639,25999 days 14:04:55.984163,343,1.3333333333333333,5.425,880,-397,1770.0
5631500400,2/25/2015,180000.0,2,1.0,770,10000,1.0,3,6,770,0.0,1933,98028,2720,8062,32573 days 14:04:55.984163,056,2.0,0.0,-1950,1938,770.0
2487200875,12/9/2014,604000.0,4,3.0,1960,5000,1.0,5,7,1050,910.0,1965,98136,1360,5000,20885 days 14:04:55.984163,343,1.3333333333333333,1.1538461538461537,600,0,140.0
1954400510,2/18/2015,510000.0,3,2.0,1680,8080,1.0,3,8,1680,0.0,1987,98074,1800,7503,12850 days 14:04:55.984163,049,1.5,0.0,-120,577,1680.0
7237550310,5/12/2014,1230000.0,4,4.5,5420,101930,1.0,3,1,3890,1530.0,2001,98053,4760,101930,7736 days 14:04:55.984163,132,0.8888888888888888,2.542483660130719,660,0,2360.0
2008000270,1/15/2015,291850.0,3,1.5,1060,9711,1.0,3,7,1060,0.0,1963,98198,1650,9711,21616 days 14:04:55.984163,015,2.0,0.0,-590,0,1060.0
2414600126,4/15/2015,229500.0,3,1.0,1780,7470,1.0,3,7,1050,730.0,1960,98146,1780,8113,22712 days 14:04:55.984163,105,3.0,1.4383561643835616,0,-643,320.0
3793500160,3/12/2015,323000.0,3,2.5,1890,6560,2.0,3,7,1890,0.0,2003,98038,2390,7570,7006 days 14:04:55.984163,071,1.2,0.0,-500,-1010,1890.0
1736800520,4/3/2015,662500.0,3,2.5,3560,9796,1.0,3,8,1860,1700.0,1965,98007,2210,8925,20885 days 14:04:55.984163,093,1.2,1.0941176470588236,1350,871,160.0
9212900260,5/27/2014,468000.0,2,1.0,1160,6000,1.0,4,7,860,300.0,1942,98115,1330,6000,29286 days 14:04:55.984163,147,2.0,2.8666666666666667,-170,0,560.0
114101516,5/28/2014,310000.0,3,1.0,1430,19901,1.5,4,7,1430,0.0,1927,98028,1780,12697,34765 days 14:04:55.984163,148,3.0,0.0,-350,7204,1430.0
6054650070,10/7/2014,400000.0,3,1.75,1370,9680,1.0,4,7,1370,0.0,1977,98074,1370,10208,16502 days 14:04:55.984163,280,1.7142857142857142,0.0,0,-528,1370.0
1175000570,3/12/2015,530000.0,5,2.0,1810,4850,1.5,3,7,1810,0.0,1900,98107,1360,4850,44626 days 14:04:55.984163,071,2.5,0.0,450,0,1810.0
9297300055,1/24/2015,650000.0,4,3.0,2950,5000,2.0,3,9,1980,970.0,1979,98126,2140,4000,15772 days 14:04:55.984163,024,1.3333333333333333,2.0412371134020617,810,1000,1010.0
1875500060,7/31/2014,395000.0,3,2.0,1890,14040,2.0,3,7,1890,0.0,1994,98019,1890,14018,10293 days 14:04:55.984163,212,1.5,0.0,0,22,1890.0
6865200140,5/29/2014,485000.0,4,1.0,1600,4300,1.5,4,7,1600,0.0,1916,98103,1610,4300,38783 days 14:04:55.984163,149,4.0,0.0,-10,0,1600.0
7983200060,4/24/2015,230000.0,3,1.0,1250,9774,1.0,4,7,1250,0.0,1969,98003,1280,8850,19424 days 14:04:55.984163,114,3.0,0.0,-30,924,1250.0
6300500875,5/14/2014,385000.0,4,1.75,1620,4980,1.0,4,7,860,760.0,1947,98133,1400,4980,27460 days 14:04:55.984163,134,2.2857142857142856,1.131578947368421,220,0,100.0
2524049179,8/26/2014,2000000.0,3,2.75,3050,44867,1.0,3,9,2330,720.0,1968,98040,4110,20336,19790 days 14:04:55.984163,238,1.0909090909090908,3.236111111111111,-1060,24531,1610.0
7137970340,7/3/2014,285000.0,5,2.5,2270,6300,2.0,3,8,2270,0.0,1995,98092,2240,7005,9928 days 14:04:55.984163,184,2.0,0.0,30,-705,2270.0
8091400200,5/16/2014,252700.0,2,1.5,1070,9643,1.0,3,7,1070,0.0,1985,98030,1220,8386,13580 days 14:04:55.984163,136,1.3333333333333333,0.0,-150,1257,1070.0
3814700200,11/20/2014,329000.0,3,2.25,2450,6500,2.0,4,8,2450,0.0,1985,98030,2200,6865,13580 days 14:04:55.984163,324,1.3333333333333333,0.0,250,-365,2450.0
1202000200,11/3/2014,233000.0,3,2.0,1710,4697,1.5,5,6,1710,0.0,1941,98002,1030,4705,29651 days 14:04:55.984163,307,1.5,0.0,680,-8,1710.0
1794500383,6/26/2014,937000.0,3,1.75,2450,2691,2.0,3,8,1750,700.0,1915,98119,1760,3573,39148 days 14:04:55.984163,177,1.7142857142857142,2.5,690,-882,1050.0
3303700376,12/1/2014,667000.0,3,1.0,1400,1581,1.5,5,8,1400,0.0,1909,98112,1860,3861,41339 days 14:04:55.984163,335,3.0,0.0,-460,-2280,1400.0
5101402488,6/24/2014,438000.0,3,1.75,1520,6380,1.0,3,7,790,730.0,1948,98115,1520,6235,27095 days 14:04:55.984163,175,1.7142857142857142,1.082191780821918,0,145,60.0
1873100390,3/2/2015,719000.0,4,2.5,2570,7173,2.0,3,8,2570,0.0,2005,98052,2630,6026,6275 days 14:04:55.984163,061,1.6,0.0,-60,1147,2570.0
8562750320,11/10/2014,580500.0,3,2.5,2320,3980,2.0,3,8,2320,0.0,2003,98027,2580,3980,7006 days 14:04:55.984163,314,1.2,0.0,-260,0,2320.0
2426039314,12/1/2014,280000.0,2,1.5,1190,1265,3.0,3,7,1190,0.0,2005,98133,1390,1756,6275 days 14:04:55.984163,335,1.3333333333333333,0.0,-200,-491,1190.0
461000390,6/24/2014,687500.0,4,1.75,2330,5000,1.5,4,7,1510,820.0,1929,98117,1460,5000,34034 days 14:04:55.984163,175,2.2857142857142856,1.8414634146341464,870,0,690.0
7589200193,11/10/2014,535000.0,3,1.0,1090,3000,1.5,4,8,1090,0.0,1929,98117,1570,5080,34034 days 14:04:55.984163,314,3.0,0.0,-480,-2080,1090.0
7955080270,12/3/2014,322500.0,4,2.75,2060,6659,1.0,3,7,1280,780.0,1981,98058,2020,8720,15041 days 14:04:55.984163,337,1.4545454545454546,1.641025641025641,40,-2061,500.0
9547205180,6/13/2014,696000.0,3,2.5,2300,3060,1.5,3,8,1510,790.0,1930,98115,1590,3264,33669 days 14:04:55.984163,164,1.2,1.9113924050632911,710,-204,720.0
9435300030,5/28/2014,550000.0,4,1.0,1660,34848,1.0,1,5,930,730.0,1933,98052,2160,11467,32573 days 14:04:55.984163,148,4.0,1.273972602739726,-500,23381,200.0
2768000400,12/30/2014,640000.0,4,2.0,2360,6000,2.0,4,8,2360,0.0,1904,98107,1730,4700,43166 days 14:04:55.984163,364,2.0,0.0,630,1300,2360.0
7895500070,2/13/2015,240000.0,4,1.0,1220,8075,1.0,2,7,890,330.0,1969,98001,1290,7800,19424 days 14:04:55.984163,044,4.0,2.696969696969697,-70,275,560.0
2078500320,6/20/2014,605000.0,4,2.5,2620,7553,2.0,3,8,2620,0.0,1996,98056,2620,11884,9563 days 14:04:55.984163,171,1.6,0.0,0,-4331,2620.0
5547700270,7/15/2014,625000.0,4,2.5,2570,5520,2.0,3,9,2570,0.0,2000,98074,2470,5669,8102 days 14:04:55.984163,196,1.6,0.0,100,-149,2570.0
7766200013,8/11/2014,775000.0,4,2.25,4220,24186,1.0,3,8,2600,1620.0,1984,98166,2410,30617,13946 days 14:04:55.984163,223,1.7777777777777777,1.6049382716049383,1810,-6431,980.0
9270200160,10/28/2014,685000.0,3,1.0,1570,2280,2.0,3,7,1570,0.0,1922,98119,1580,2640,36591 days 14:04:55.984163,301,3.0,0.0,-10,-360,1570.0
1432701230,7/29/2014,309000.0,3,1.0,1280,9656,1.0,4,6,920,360.0,1959,98058,1340,8808,23077 days 14:04:55.984163,210,3.0,2.5555555555555554,-60,848,560.0
8035350320,7/18/2014,488000.0,3,2.5,3160,13603,2.0,3,8,3160,0.0,2003,98019,3050,9232,7006 days 14:04:55.984163,199,1.2,0.0,110,4371,3160.0
8945200830,3/25/2015,210490.0,3,1.0,990,8528,1.0,3,6,990,0.0,1966,98023,1228,8840,20520 days 14:04:55.984163,084,3.0,0.0,-238,-312,990.0
4178300310,7/16/2014,785000.0,4,2.5,2290,13416,2.0,4,9,2290,0.0,1981,98007,2680,13685,15041 days 14:04:55.984163,197,1.6,0.0,-390,-269,2290.0
9215400105,4/28/2015,450000.0,3,1.75,1250,5963,1.0,4,7,1250,0.0,1953,98115,970,5100,25268 days 14:04:55.984163,118,1.7142857142857142,0.0,280,863,1250.0
822039084,3/11/2015,1350000.0,3,2.5,2753,65005,1.0,5,9,2165,588.0,1953,98070,2680,72513,25268 days 14:04:55.984163,070,1.2,3.681972789115646,73,-7508,1577.0
5245600105,9/16/2014,228000.0,3,1.0,1190,9199,1.0,3,7,1190,0.0,1955,98148,1190,9364,24538 days 14:04:55.984163,259,3.0,0.0,0,-165,1190.0
7231300125,2/17/2015,345000.0,5,2.5,3150,9134,1.0,4,8,1640,1510.0,1966,98056,1990,9133,20520 days 14:04:55.984163,048,2.0,1.086092715231788,1160,1,130.0
7518505990,12/31/2014,600000.0,3,1.75,1410,4080,1.0,4,7,1000,410.0,1950,98117,1410,4080,26364 days 14:04:55.984163,365,1.7142857142857142,2.4390243902439024,0,0,590.0
3626039271,2/5/2015,585000.0,2,1.75,1980,8550,1.0,3,7,990,990.0,1981,98117,1480,6738,15041 days 14:04:55.984163,036,1.1428571428571428,1.0,500,1812,0.0
4217401195,3/3/2015,920000.0,5,2.25,2730,6000,1.5,3,8,2130,600.0,1927,98105,2730,6000,34765 days 14:04:55.984163,062,2.2222222222222223,3.55,0,0,1530.0
9822700295,5/12/2014,885000.0,4,2.5,2830,5000,2.0,3,9,2830,0.0,1995,98105,1950,5000,9928 days 14:04:55.984163,132,1.6,0.0,880,0,2830.0
9478500640,8/19/2014,292500.0,4,2.5,2250,4495,2.0,3,7,2250,0.0,2008,98042,2250,4500,5180 days 14:04:55.984163,231,1.6,0.0,0,-5,2250.0
2799800710,4/7/2015,301000.0,3,2.5,2420,4750,2.0,3,8,2420,0.0,2003,98042,2690,4750,7006 days 14:04:55.984163,097,1.2,0.0,-270,0,2420.0
7922800400,8/27/2014,951000.0,5,3.25,3250,14342,2.0,4,8,3250,0.0,1968,98008,2960,11044,19790 days 14:04:55.984163,239,1.5384615384615385,0.0,290,3298,3250.0
8079040320,2/23/2015,430000.0,4,3.0,1850,9976,2.0,3,8,1850,0.0,1991,98059,2270,8542,11389 days 14:04:55.984163,054,1.3333333333333333,0.0,-420,1434,1850.0
1516000055,12/10/2014,650000.0,3,2.25,2150,21235,1.0,4,8,1590,560.0,1959,98166,2570,18900,23077 days 14:04:55.984163,344,1.3333333333333333,2.8392857142857144,-420,2335,1030.0
9558200045,8/28/2014,289000.0,3,1.75,1260,8400,1.0,3,7,1260,0.0,1954,98148,1290,8750,24903 days 14:04:55.984163,240,1.7142857142857142,0.0,-30,-350,1260.0
5072410070,10/21/2014,505000.0,3,1.75,2519,8690,2.0,5,8,2519,0.0,1973,98166,2500,9500,17963 days 14:04:55.984163,294,1.7142857142857142,0.0,19,-810,2519.0
9528102996,12/7/2014,549000.0,3,1.75,1540,1044,3.0,3,8,1540,0.0,2014,98115,1580,3090,2988 days 14:04:55.984163,341,1.7142857142857142,0.0,-40,-2046,1540.0
1189001180,6/3/2014,425000.0,3,2.25,1660,6000,1.0,3,7,1110,550.0,1979,98122,1440,4080,15772 days 14:04:55.984163,154,1.3333333333333333,2.018181818181818,220,1920,560.0
3253500160,11/20/2014,317625.0,3,2.75,2770,3809,1.5,5,7,1770,1000.0,1925,98144,1440,4000,35495 days 14:04:55.984163,324,1.0909090909090908,1.77,1330,-191,770.0
3394100030,9/9/2014,975000.0,4,2.5,2720,11049,2.0,3,1,2720,0.0,1989,98004,2750,11049,12119 days 14:04:55.984163,252,1.6,0.0,-30,0,2720.0
3717000160,10/9/2014,287000.0,4,2.5,2240,4648,2.0,3,7,2240,0.0,2005,98001,2221,4557,6275 days 14:04:55.984163,282,1.6,0.0,19,91,2240.0
1274500060,8/25/2014,204000.0,3,1.0,1000,12070,1.0,4,7,1000,0.0,1968,98042,1010,12635,19790 days 14:04:55.984163,237,3.0,0.0,-10,-565,1000.0
1802000060,6/12/2014,1330000.0,5,2.25,3200,20158,1.0,3,8,1600,1600.0,1965,98004,3390,20158,20885 days 14:04:55.984163,163,2.2222222222222223,1.0,-190,0,0.0
1525059190,9/12/2014,1040000.0,5,3.25,4770,50094,1.0,4,1,3070,1700.0,1973,98005,3530,38917,17963 days 14:04:55.984163,255,1.5384615384615385,1.8058823529411765,1240,11177,1370.0
1049000060,1/5/2015,325000.0,3,2.0,1260,5612,1.0,4,7,1260,0.0,1972,98034,1640,4745,18329 days 14:04:55.984163,005,1.5,0.0,-380,867,1260.0
8820901275,6/10/2014,571000.0,4,2.0,2750,7807,1.5,5,7,2250,500.0,1916,98125,1510,7807,38783 days 14:04:55.984163,161,2.0,4.5,1240,0,1750.0
5416510140,7/10/2014,360000.0,4,2.5,2380,5000,2.0,3,8,2380,0.0,2005,98038,2420,5000,6275 days 14:04:55.984163,191,1.6,0.0,-40,0,2380.0
3444100400,3/16/2015,349000.0,3,1.75,1790,50529,1.0,5,7,1090,700.0,1965,98042,1940,50529,20885 days 14:04:55.984163,075,1.7142857142857142,1.5571428571428572,-150,0,390.0
3276920270,11/5/2014,832500.0,4,4.0,3430,35102,2.0,4,1,2390,1040.0,1986,98075,3240,35020,13215 days 14:04:55.985162,309,1.0,2.298076923076923,190,82,1350.0
4036801170,10/13/2014,380000.0,4,1.75,1760,7300,1.0,3,7,880,880.0,1956,98008,1680,7500,24173 days 14:04:55.985162,286,2.2857142857142856,1.0,80,-200,0.0
2391600320,4/20/2015,480000.0,3,1.0,1040,5060,1.0,3,7,1040,0.0,1941,98116,890,5060,29651 days 14:04:55.985162,110,3.0,0.0,150,0,1040.0
6300000287,6/9/2014,410000.0,3,1.0,1410,5060,1.0,4,7,910,500.0,1956,98133,1130,5693,24173 days 14:04:55.985162,160,3.0,1.82,280,-633,410.0
5104520400,12/2/2014,390000.0,3,2.5,2350,5100,2.0,3,8,2350,0.0,2003,98038,2350,5363,7006 days 14:04:55.985162,336,1.2,0.0,0,-263,2350.0
7437100340,12/22/2014,360000.0,4,2.5,1900,5889,2.0,3,7,1900,0.0,1992,98038,1870,6405,11024 days 14:04:55.985162,356,1.6,0.0,30,-516,1900.0
9418400240,10/28/2014,355000.0,2,1.0,2020,6720,1.0,3,7,1010,1010.0,1948,98118,1720,6720,27095 days 14:04:55.985162,301,2.0,1.0,300,0,0.0
1523059105,1/28/2015,356000.0,3,1.5,1680,8712,1.0,3,8,1680,0.0,1964,98059,1850,8797,21251 days 14:04:55.985162,028,2.0,0.0,-170,-85,1680.0
1133000671,6/2/2014,315000.0,3,1.0,960,6634,1.0,3,6,960,0.0,1952,98125,1570,7203,25634 days 14:04:55.985162,153,3.0,0.0,-610,-569,960.0
4232902595,11/14/2014,940000.0,3,1.5,2140,3600,2.0,3,9,1900,240.0,1925,98119,2020,4800,35495 days 14:04:55.985162,318,2.0,7.916666666666667,120,-1200,1660.0
2599001200,11/3/2014,305000.0,5,2.25,2660,8400,1.5,5,7,2660,0.0,1961,98092,1590,8165,22346 days 14:04:55.985162,307,2.2222222222222223,0.0,1070,235,2660.0
3342103156,6/18/2014,461000.0,3,3.25,2770,6278,2.0,3,9,1980,790.0,2006,98056,1900,7349,5910 days 14:04:55.985162,169,0.9230769230769231,2.5063291139240507,870,-1071,1190.0
1332700270,5/19/2014,215000.0,2,2.25,1610,2040,2.0,4,7,1610,0.0,1979,98056,1950,2025,15772 days 14:04:55.985162,139,0.8888888888888888,0.0,-340,15,1610.0
3869900162,9/4/2014,335000.0,2,1.75,1030,1066,2.0,3,7,765,265.0,2006,98136,1030,1106,5910 days 14:04:55.985162,247,1.1428571428571428,2.8867924528301887,0,-40,500.0
2791500270,5/22/2014,243500.0,4,2.5,1980,7403,2.0,3,7,1980,0.0,1988,98023,1980,7510,12485 days 14:04:55.985162,142,1.6,0.0,0,-107,1980.0
5036300431,3/11/2015,1100000.0,5,2.75,3520,6353,2.0,4,1,3520,0.0,2001,98199,2520,6250,7736 days 14:04:55.985162,070,1.8181818181818181,0.0,1000,103,3520.0
4168000060,2/26/2015,153000.0,3,1.0,1200,10500,1.0,3,7,1200,0.0,1962,98023,1350,10500,21981 days 14:04:55.985162,057,3.0,0.0,-150,0,1200.0
6021501535,7/25/2014,430000.0,3,1.5,1580,5000,1.0,3,8,1290,290.0,1939,98117,1570,4500,30382 days 14:04:55.985162,206,2.0,4.448275862068965,10,500,1000.0
6021501535,12/23/2014,700000.0,3,1.5,1580,5000,1.0,3,8,1290,290.0,1939,98117,1570,4500,30382 days 14:04:55.985162,357,2.0,4.448275862068965,10,500,1000.0
1483300570,9/8/2014,905000.0,4,2.5,3300,10250,1.0,3,7,2390,910.0,1946,98040,1950,6045,27825 days 14:04:55.985162,251,1.6,2.6263736263736264,1350,4205,1480.0
3422049190,3/30/2015,247500.0,3,1.75,1960,15681,1.0,3,7,1960,0.0,1967,98032,1750,15616,20155 days 14:04:55.985162,089,1.7142857142857142,0.0,210,65,1960.0
1099611230,9/12/2014,199000.0,4,1.5,1160,6400,1.0,4,7,1160,0.0,1975,98023,1160,6400,17233 days 14:04:55.985162,255,2.6666666666666665,0.0,0,0,1160.0
722079104,7/11/2014,314000.0,3,1.75,1810,41800,1.0,5,7,1210,600.0,1980,98038,1650,135036,15407 days 14:04:55.985162,192,1.7142857142857142,2.0166666666666666,160,-93236,610.0
7338200240,5/16/2014,437500.0,3,2.5,2320,36847,2.0,3,9,2320,0.0,1992,98045,2550,35065,11024 days 14:04:55.985162,136,1.2,0.0,-230,1782,2320.0
1952200240,6/11/2014,850830.0,3,2.5,2070,13241,1.5,5,9,1270,800.0,1910,98102,2200,4500,40974 days 14:04:55.985162,162,1.2,1.5875,-130,8741,470.0
5200100125,10/27/2014,555000.0,3,2.0,1980,3478,1.5,4,7,1440,540.0,1929,98117,1610,3478,34034 days 14:04:55.985162,300,1.5,2.6666666666666665,370,0,900.0
7214720075,12/12/2014,699950.0,3,2.25,2190,107593,2.0,4,8,2190,0.0,1983,98077,2570,47777,14311 days 14:04:55.985162,346,1.3333333333333333,0.0,-380,59816,2190.0
2450000295,10/7/2014,1090000.0,3,2.5,2920,8113,2.0,3,8,2920,0.0,1950,98004,2370,8113,26364 days 14:04:55.985162,280,1.2,0.0,550,0,2920.0
6197800045,9/24/2014,290000.0,3,1.0,1210,33919,1.0,3,7,1210,0.0,1954,98058,1640,14910,24903 days 14:04:55.985162,267,3.0,0.0,-430,19009,1210.0
1328310370,4/2/2015,375000.0,3,2.5,2340,10005,1.0,4,8,1460,880.0,1978,98058,2250,8162,16137 days 14:04:55.985162,092,1.2,1.6590909090909092,90,1843,580.0
546000875,5/23/2014,460000.0,3,1.0,1670,4005,1.5,4,7,1170,500.0,1939,98117,1240,4005,30382 days 14:04:55.985162,143,3.0,2.34,430,0,670.0
3530510041,7/23/2014,188500.0,2,1.75,1240,2493,1.0,4,8,1240,0.0,1985,98198,1270,4966,13580 days 14:04:55.985162,204,1.1428571428571428,0.0,-30,-2473,1240.0
1853000400,3/5/2015,680000.0,4,2.5,3140,28037,2.0,4,1,3140,0.0,1991,98077,2990,35001,11389 days 14:04:55.985162,064,1.6,0.0,150,-6964,3140.0
3134100116,8/27/2014,470000.0,5,1.75,2030,12342,2.0,4,7,2030,0.0,1942,98052,2500,9433,29286 days 14:04:55.985162,239,2.857142857142857,0.0,-470,2909,2030.0
9545230140,7/25/2014,597750.0,4,2.5,2310,9624,2.0,3,8,2310,0.0,1984,98027,1940,9636,13946 days 14:04:55.985162,206,1.6,0.0,370,-12,2310.0
3362400511,3/4/2015,570000.0,3,1.75,1260,3328,1.0,5,6,700,560.0,1905,98103,1380,3536,42800 days 14:04:55.985162,063,1.7142857142857142,1.25,-120,-208,140.0
6126500060,11/24/2014,329950.0,3,1.75,2080,5969,1.0,3,7,1080,1000.0,1971,98108,2090,5500,18694 days 14:04:55.985162,328,1.7142857142857142,1.08,-10,469,80.0
8961960160,10/28/2014,480000.0,4,2.5,3230,16171,2.0,3,9,2520,710.0,2001,98001,2640,8517,7736 days 14:04:55.985162,301,1.6,3.5492957746478875,590,7654,1810.0
3362400431,6/26/2014,518500.0,3,3.5,1590,1102,3.0,3,8,1590,0.0,2010,98103,1620,3166,4449 days 14:04:55.985162,177,0.8571428571428571,0.0,-30,-2064,1590.0
4060000240,6/23/2014,205425.0,2,1.0,880,6780,1.0,4,6,880,0.0,1945,98178,1190,6780,28190 days 14:04:55.985162,174,2.0,0.0,-310,0,880.0
3454800060,1/8/2015,171800.0,4,2.0,1570,9600,1.0,3,6,1570,0.0,1950,98168,1880,9000,26364 days 14:04:55.985162,008,2.0,0.0,-310,600,1570.0
1695900060,5/11/2015,535000.0,4,1.0,1610,2982,1.5,4,7,1610,0.0,1925,98144,1610,4040,35495 days 14:04:55.985162,131,4.0,0.0,0,-1058,1610.0
7278700070,1/2/2015,660000.0,3,2.5,2400,6474,1.0,3,8,1560,840.0,1964,98177,2340,10856,21251 days 14:04:55.985162,002,1.2,1.8571428571428572,60,-4382,720.0
6675500070,11/19/2014,391500.0,3,2.0,1450,9132,1.0,3,7,1450,0.0,1987,98034,1580,9104,12850 days 14:04:55.985162,323,1.5,0.0,-130,28,1450.0
3626039187,4/6/2015,395000.0,2,1.0,770,6000,1.0,3,6,770,0.0,1953,98117,1710,6000,25268 days 14:04:55.985162,096,2.0,0.0,-940,0,770.0
3524049083,11/4/2014,445000.0,4,1.75,2100,4400,1.5,5,7,1720,380.0,1924,98118,1850,4400,35861 days 14:04:55.985162,308,2.2857142857142856,4.526315789473684,250,0,1340.0
3275860240,6/18/2014,770000.0,3,2.25,2910,10204,2.0,3,9,2910,0.0,1990,98052,2700,13992,11754 days 14:04:55.985162,169,1.3333333333333333,0.0,210,-3788,2910.0
4389200955,3/2/2015,1450000.0,4,2.75,2750,17789,1.5,3,8,1980,770.0,1914,98004,3060,11275,39513 days 14:04:55.985162,061,1.4545454545454546,2.5714285714285716,-310,6514,1210.0
4058801670,7/17/2014,445000.0,3,2.25,2100,8201,1.0,3,8,1620,480.0,1967,98178,2660,8712,20155 days 14:04:55.985162,198,1.3333333333333333,3.375,-560,-511,1140.0
8732020310,7/17/2014,260000.0,4,2.25,2160,8811,1.0,3,8,1360,800.0,1978,98023,2090,8400,16137 days 14:04:55.985162,198,1.7777777777777777,1.7,70,411,560.0
2331300505,6/13/2014,822500.0,5,3.5,2320,4960,2.0,5,7,1720,600.0,1926,98103,1700,4960,35130 days 14:04:55.985162,164,1.4285714285714286,2.8666666666666667,620,0,1120.0
7853210060,4/6/2015,430000.0,4,2.5,2070,4310,2.0,3,7,2070,0.0,2004,98065,1970,3748,6641 days 14:04:55.985162,096,1.6,0.0,100,562,2070.0
3668000070,1/5/2015,212000.0,3,1.75,1060,7875,1.0,4,7,1060,0.0,1986,98092,1420,7680,13215 days 14:04:55.985162,005,1.7142857142857142,0.0,-360,195,1060.0
9545240070,4/28/2015,660500.0,4,2.25,2010,9603,1.0,3,8,1440,570.0,1986,98027,2060,9793,13215 days 14:04:55.985162,118,1.7777777777777777,2.526315789473684,-50,-190,870.0
1243100136,6/12/2014,784000.0,3,3.5,3950,111078,1.5,3,9,2460,1490.0,1989,98052,2480,88500,12119 days 14:04:55.985162,163,0.8571428571428571,1.651006711409396,1470,22578,970.0
8929000270,5/12/2014,453246.0,3,2.5,2010,2287,2.0,3,8,1390,620.0,2014,98029,1690,1662,2988 days 14:04:55.985162,132,1.2,2.2419354838709675,320,625,770.0
2767602356,1/26/2015,675000.0,4,3.5,2140,2278,3.0,3,9,2140,0.0,2005,98107,1540,2285,6275 days 14:04:55.985162,026,1.1428571428571428,0.0,600,-7,2140.0
921049315,8/13/2014,199000.0,3,1.75,1320,17390,1.0,4,7,1320,0.0,1956,98003,1550,19265,24173 days 14:04:55.985162,225,1.7142857142857142,0.0,-230,-1875,1320.0
3655000070,8/5/2014,220000.0,4,1.75,2020,7840,1.0,3,7,1010,1010.0,1968,98003,1750,8140,19790 days 14:04:55.985162,217,2.2857142857142856,1.0,270,-300,0.0
4027700812,5/29/2014,452000.0,4,2.25,2590,10002,1.0,4,8,1340,1250.0,1968,98028,1550,10436,19790 days 14:04:55.985162,149,1.7777777777777777,1.072,1040,-434,90.0
3992700335,7/7/2014,382500.0,2,1.0,1190,4440,1.0,3,6,1190,0.0,1981,98125,1060,5715,15041 days 14:04:55.985162,188,2.0,0.0,130,-1275,1190.0
2767603505,5/7/2014,519950.0,3,2.25,1170,1249,3.0,3,8,1170,0.0,2014,98107,1350,1310,2988 days 14:04:55.985162,127,1.3333333333333333,0.0,-180,-61,1170.0
4232901525,6/27/2014,665000.0,2,1.0,1110,3200,1.0,3,7,1110,0.0,1925,98119,1170,3600,35495 days 14:04:55.985162,178,2.0,0.0,-60,-400,1110.0
1777500060,7/8/2014,527700.0,5,2.5,2820,9375,1.0,4,8,1550,1270.0,1968,98006,2820,9375,19790 days 14:04:55.985162,189,2.0,1.220472440944882,0,0,280.0
1432900240,5/8/2015,205000.0,3,1.0,1610,8579,1.0,4,7,1010,600.0,1962,98058,1610,8579,21981 days 14:04:55.985162,128,3.0,1.6833333333333333,0,0,410.0
6140100875,4/15/2015,420000.0,3,1.0,1060,8097,1.0,4,7,940,120.0,1923,98133,1560,7940,36226 days 14:04:55.985162,105,3.0,7.833333333333333,-500,157,820.0
6071600370,2/27/2015,500000.0,4,2.25,2030,8517,1.0,4,8,1380,650.0,1961,98006,2230,8824,22346 days 14:04:55.985162,058,1.7777777777777777,2.123076923076923,-200,-307,730.0
1526069017,12/3/2014,921500.0,4,2.5,3670,315374,2.0,4,9,3670,0.0,1994,98077,2840,87991,10293 days 14:04:55.985162,337,1.6,0.0,830,227383,3670.0
809001525,6/25/2014,890000.0,4,1.0,2550,4000,2.0,3,8,2370,180.0,1905,98109,2200,4000,42800 days 14:04:55.985162,176,4.0,13.166666666666666,350,0,2190.0
3224079105,8/6/2014,430000.0,2,2.5,2420,60984,2.0,3,7,2420,0.0,2007,98027,1940,193842,5545 days 14:04:55.985162,218,0.8,0.0,480,-132858,2420.0
8075400570,10/30/2014,258000.0,5,2.0,2260,12500,1.0,4,8,1130,1130.0,1960,98032,1360,18000,22712 days 14:04:55.985162,303,2.5,1.0,900,-5500,0.0
1994200024,11/4/2014,511000.0,3,1.0,1430,3455,1.0,3,7,980,450.0,1947,98103,1450,4599,27460 days 14:04:55.985162,308,3.0,2.1777777777777776,-20,-1144,530.0
3362900810,8/20/2014,532170.0,3,2.0,1360,3090,2.0,3,8,1360,0.0,1990,98103,1500,3090,11754 days 14:04:55.985162,232,1.5,0.0,-140,0,1360.0
1324300398,4/9/2015,560000.0,3,1.0,1110,5000,1.5,3,7,1110,0.0,1947,98107,1420,5000,27460 days 14:04:55.985162,099,3.0,0.0,-310,0,1110.0
537000445,3/31/2015,282950.0,3,1.0,1250,8200,1.0,4,7,1250,0.0,1954,98003,1680,8633,24903 days 14:04:55.985162,090,3.0,0.0,-430,-433,1250.0
7855801670,4/1/2015,2250000.0,4,3.25,5180,19850,2.0,3,1,3540,1640.0,2006,98006,3160,9750,5910 days 14:04:55.985162,091,1.2307692307692308,2.158536585365854,2020,10100,1900.0
7920100045,5/16/2014,350000.0,1,1.0,700,5100,1.0,3,7,700,0.0,1942,98115,1010,5100,29286 days 14:04:55.985162,136,1.0,0.0,-310,0,700.0
8960000030,7/28/2014,215000.0,3,1.0,1180,7669,1.0,4,7,1180,0.0,1967,98058,1190,7669,20155 days 14:04:55.985162,209,3.0,0.0,-10,0,1180.0
6388930390,11/20/2014,650000.0,5,3.5,3960,25245,2.0,3,9,2500,1460.0,1996,98056,2640,13675,9563 days 14:04:55.985162,324,1.4285714285714286,1.7123287671232876,1320,11570,1040.0
8731900200,8/7/2014,320000.0,4,2.75,2640,7500,1.0,3,8,1620,1020.0,1967,98023,1980,7875,20155 days 14:04:55.985162,219,1.4545454545454546,1.588235294117647,660,-375,600.0
8029200135,11/13/2014,247000.0,3,2.0,1270,7198,1.5,3,7,1270,0.0,1916,98022,1160,7198,38783 days 14:04:55.985162,317,1.5,0.0,110,0,1270.0
1081200350,10/3/2014,320000.0,4,1.75,1760,11180,1.0,4,8,1760,0.0,1968,98059,1730,11180,19790 days 14:04:55.985162,276,2.2857142857142856,0.0,30,0,1760.0
84000105,5/7/2014,255000.0,5,2.25,2060,8632,1.0,3,7,1030,1030.0,1962,98146,1010,11680,21981 days 14:04:55.985162,127,2.2222222222222223,1.0,1050,-3048,0.0
3756500060,3/9/2015,438000.0,3,1.75,1780,9660,1.0,3,7,1780,0.0,1962,98034,1200,9660,21981 days 14:04:55.985162,068,1.7142857142857142,0.0,580,0,1780.0
7215720160,3/4/2015,900000.0,3,2.5,3400,16603,2.0,3,1,3400,0.0,2000,98075,3400,12601,8102 days 14:04:55.985162,063,1.2,0.0,0,4002,3400.0
3574800520,6/20/2014,441000.0,3,2.75,1910,7280,1.0,3,7,1160,750.0,1979,98034,1710,8152,15772 days 14:04:55.985162,171,1.0909090909090908,1.5466666666666666,200,-872,410.0
2617300160,8/12/2014,420000.0,3,2.0,2020,38332,1.0,4,7,1010,1010.0,1975,98027,2110,36590,17233 days 14:04:55.985162,224,1.5,1.0,-90,1742,0.0
2558660270,12/8/2014,370000.0,3,1.75,1580,7000,1.0,3,7,1180,400.0,1976,98034,1640,7500,16868 days 14:04:55.985162,342,1.7142857142857142,2.95,-60,-500,780.0
2009000370,2/19/2015,269950.0,2,1.75,1340,7250,1.0,5,5,700,640.0,1949,98198,1830,9750,26729 days 14:04:55.985162,050,1.1428571428571428,1.09375,-490,-2500,60.0
1836980160,3/24/2015,807100.0,4,2.5,2680,4499,2.0,3,9,2680,0.0,1999,98006,2920,4500,8467 days 14:04:55.985162,083,1.6,0.0,-240,-1,2680.0
3261020370,6/5/2014,653000.0,3,2.5,2680,9750,1.0,4,8,1610,1070.0,1979,98034,2480,8750,15772 days 14:04:55.985162,156,1.2,1.5046728971962617,200,1000,540.0
1755700060,6/11/2014,371500.0,3,2.0,1370,8336,1.0,5,7,1370,0.0,1964,98133,1770,7288,21251 days 14:04:55.985162,162,1.5,0.0,-400,1048,1370.0
4330600435,3/16/2015,284000.0,3,1.75,1560,21000,1.0,3,7,1560,0.0,1954,98166,1070,7920,24903 days 14:04:55.985162,075,1.7142857142857142,0.0,490,13080,1560.0
9542800700,1/2/2015,272000.0,3,1.75,2160,7140,1.0,4,7,1670,490.0,1978,98023,1930,7350,16137 days 14:04:55.985162,002,1.7142857142857142,3.4081632653061225,230,-210,1180.0
1999700045,5/2/2014,313000.0,3,1.5,1340,7912,1.5,3,7,1340,0.0,1955,98133,1480,7940,24538 days 14:04:55.985162,122,2.0,0.0,-140,-28,1340.0
1762600070,1/16/2015,917500.0,4,2.5,3880,35003,2.0,3,1,2570,1310.0,1984,98033,3740,35230,13946 days 14:04:55.985162,016,1.6,1.9618320610687023,140,-227,1260.0
1687900520,9/29/2014,673000.0,4,2.25,2590,8190,2.0,4,8,2590,0.0,1980,98006,2260,8335,15407 days 14:04:55.985162,272,1.7777777777777777,0.0,330,-145,2590.0
7234600798,2/10/2015,425000.0,3,2.5,1120,1100,2.0,3,8,820,300.0,2008,98122,1590,1795,5180 days 14:04:55.985162,041,1.2,2.7333333333333334,-470,-695,520.0
3881900445,7/9/2014,399950.0,5,2.75,1970,5400,1.0,3,7,1320,650.0,1986,98144,1280,2150,13215 days 14:04:55.985162,190,1.8181818181818181,2.0307692307692307,690,3250,670.0
2254502445,5/30/2014,385000.0,3,1.0,1220,4800,1.0,3,6,1220,0.0,1901,98122,1200,4800,44261 days 14:04:55.985162,150,3.0,0.0,20,0,1220.0
5437810320,11/17/2014,269950.0,3,1.5,1950,7560,1.0,4,7,1320,630.0,1975,98022,1950,8941,17233 days 14:04:55.985162,321,2.0,2.0952380952380953,0,-1381,690.0
9158100075,1/7/2015,330000.0,2,1.0,1350,8220,1.0,3,7,1060,290.0,1949,98177,1540,8280,26729 days 14:04:55.985162,007,2.0,3.6551724137931036,-190,-60,770.0
3830630310,7/25/2014,260000.0,3,2.5,1670,5797,2.0,3,7,1670,0.0,1988,98030,1670,6183,12485 days 14:04:55.985162,206,1.2,0.0,0,-386,1670.0
8123100045,4/14/2015,470000.0,4,3.0,2380,5125,1.5,4,7,1680,700.0,1925,98126,1410,5375,35495 days 14:04:55.985162,104,1.3333333333333333,2.4,970,-250,980.0
3127200041,6/13/2014,589000.0,4,3.0,2440,9600,2.0,5,7,2440,0.0,1961,98034,2290,9600,22346 days 14:04:55.985162,164,1.3333333333333333,0.0,150,0,2440.0
6661200320,7/23/2014,163500.0,2,1.5,1050,3419,2.0,3,7,1050,0.0,1996,98038,1050,3417,9563 days 14:04:55.985162,204,1.3333333333333333,0.0,0,2,1050.0
11510310,9/5/2014,835000.0,4,2.75,3130,13412,2.0,3,9,2140,990.0,1993,98052,2260,9984,10658 days 14:04:55.985162,248,1.4545454545454546,2.1616161616161618,870,3428,1150.0
825059270,11/21/2014,1100000.0,5,3.0,4090,12850,1.0,4,1,2090,2000.0,1986,98033,2540,10270,13215 days 14:04:55.985162,325,1.6666666666666667,1.045,1550,2580,90.0
8731951370,4/15/2015,269000.0,4,1.75,1490,10000,1.0,4,8,1100,390.0,1969,98023,2190,8910,19424 days 14:04:55.985162,105,2.2857142857142856,2.8205128205128207,-700,1090,710.0
1954440060,5/5/2014,560000.0,3,2.5,1900,8744,2.0,3,8,1900,0.0,1987,98074,2030,8744,12850 days 14:04:55.985162,125,1.2,0.0,-130,0,1900.0
2264500350,4/18/2015,615000.0,4,1.0,1330,2400,1.5,4,6,1330,0.0,1901,98103,1330,4400,44261 days 14:04:55.985162,108,4.0,0.0,0,-2000,1330.0
1115810060,12/5/2014,585188.0,3,2.25,2230,10026,1.0,3,8,1430,800.0,1975,98052,2230,9340,17233 days 14:04:55.985162,339,1.3333333333333333,1.7875,0,686,630.0
9477200200,8/18/2014,305000.0,3,1.75,1650,9480,1.0,3,7,1220,430.0,1977,98034,1540,8400,16502 days 14:04:55.985162,230,1.7142857142857142,2.8372093023255816,110,1080,790.0
1432600560,11/5/2014,166950.0,3,1.0,1190,8820,1.0,3,6,1190,0.0,1959,98058,1230,7980,23077 days 14:04:55.985162,309,3.0,0.0,-40,840,1190.0
2287000060,9/12/2014,799000.0,3,2.5,2140,9897,1.0,4,8,2140,0.0,1959,98040,2680,10083,23077 days 14:04:55.985162,255,1.2,0.0,-540,-186,2140.0
3663500060,6/25/2014,400000.0,3,2.5,2180,7508,1.0,4,7,1420,760.0,1962,98133,1900,7818,21981 days 14:04:55.985162,176,1.2,1.868421052631579,280,-310,660.0
3996900125,12/1/2014,230000.0,3,1.0,1060,10228,1.0,3,7,1060,0.0,1948,98155,1570,10228,27095 days 14:04:55.985162,335,3.0,0.0,-510,0,1060.0
7796450200,5/15/2014,256883.0,3,2.5,1690,5025,2.0,3,8,1690,0.0,2003,98023,2550,5001,7006 days 14:04:55.985162,135,1.2,0.0,-860,24,1690.0
7549802535,11/11/2014,423000.0,4,2.0,1970,6480,1.5,5,7,1130,840.0,1920,98108,1500,6480,37322 days 14:04:55.985162,315,2.0,1.3452380952380953,470,0,290.0
3278600320,7/23/2014,465000.0,3,2.5,2150,4084,2.0,3,8,2150,0.0,2007,98126,1750,2385,5545 days 14:04:55.985162,204,1.2,0.0,400,1699,2150.0
2824079053,1/13/2015,440000.0,3,2.5,1910,66211,2.0,3,7,1910,0.0,1997,98024,2330,67268,9197 days 14:04:55.985162,013,1.2,0.0,-420,-1057,1910.0
1222069094,10/14/2014,385000.0,3,1.75,1350,155073,1.0,4,7,1350,0.0,1969,98038,1560,50965,19424 days 14:04:55.985162,287,1.7142857142857142,0.0,-210,104108,1350.0
3542300060,3/11/2015,210000.0,3,1.0,860,11725,1.0,4,6,860,0.0,1943,98056,1300,9514,28921 days 14:04:55.985162,070,3.0,0.0,-440,2211,860.0
2222059065,11/12/2014,297000.0,3,2.5,1940,14952,2.0,3,8,1940,0.0,1994,98042,2030,10450,10293 days 14:04:55.985162,316,1.2,0.0,-90,4502,1940.0
7551300060,7/16/2014,470000.0,3,1.0,1010,5000,1.0,3,7,1010,0.0,1952,98107,1680,5000,25634 days 14:04:55.985162,197,3.0,0.0,-670,0,1010.0
100600550,8/4/2014,226500.0,3,1.5,1300,7370,1.0,4,7,900,400.0,1976,98023,1430,7500,16868 days 14:04:55.985162,216,2.0,2.25,-130,-130,500.0
3211100860,3/3/2015,274250.0,3,1.0,910,8450,1.0,4,6,910,0.0,1962,98059,1400,8040,21981 days 14:04:55.985162,062,3.0,0.0,-490,410,910.0
3456000310,8/4/2014,840000.0,4,1.75,2480,11010,1.0,4,9,1630,850.0,1966,98040,2770,10744,20520 days 14:04:55.985162,216,2.2857142857142856,1.9176470588235295,-290,266,780.0
9526600140,9/19/2014,677900.0,3,2.5,2440,4587,2.0,3,8,2440,0.0,2010,98052,2750,4587,4449 days 14:04:55.985162,262,1.2,0.0,-310,0,2440.0
7465900060,2/5/2015,425000.0,3,1.0,1010,5864,1.0,3,7,1010,0.0,1915,98116,1290,5000,39148 days 14:04:55.985162,036,3.0,0.0,-280,864,1010.0
1222000055,11/23/2014,180250.0,2,0.75,900,9600,1.0,3,6,900,0.0,1941,98166,1250,14280,29651 days 14:04:55.985162,327,2.6666666666666665,0.0,-350,-4680,900.0
6300000550,7/17/2014,464000.0,6,3.0,2300,3404,2.0,3,7,1600,700.0,1920,98133,1560,1312,37322 days 14:04:55.985162,198,2.0,2.2857142857142856,740,2092,900.0
2310030510,4/22/2015,320000.0,4,2.25,1550,7579,2.0,3,8,1550,0.0,1993,98038,1630,6397,10658 days 14:04:55.985162,112,1.7777777777777777,0.0,-80,1182,1550.0
1025049114,7/17/2014,625504.0,3,2.25,1270,1566,2.0,3,8,1060,210.0,2014,98105,1160,1327,2988 days 14:04:55.985162,198,1.3333333333333333,5.0476190476190474,110,239,850.0
8677300550,5/15/2014,592500.0,4,2.5,2240,12032,1.0,3,9,2240,0.0,1983,98074,2520,12368,14311 days 14:04:55.985162,135,1.6,0.0,-280,-336,2240.0
4014400292,1/14/2015,465000.0,3,2.5,2714,17936,2.0,3,9,2714,0.0,2005,98001,2590,18386,6275 days 14:04:55.985162,014,1.2,0.0,124,-450,2714.0
1102000196,5/27/2014,477000.0,4,2.75,1720,6270,2.0,3,8,1720,0.0,1978,98118,2130,8700,16137 days 14:04:55.985162,147,1.4545454545454546,0.0,-410,-2430,1720.0
257000138,1/15/2015,280000.0,2,1.0,850,16400,1.0,3,6,850,0.0,1923,98168,1100,14459,36226 days 14:04:55.985162,015,2.0,0.0,-250,1941,850.0
46100204,2/21/2015,1510000.0,5,3.0,3300,33474,1.0,3,9,1870,1430.0,1957,98040,3836,20953,23807 days 14:04:55.985162,052,1.6666666666666667,1.3076923076923077,-536,12521,440.0
1250202145,8/28/2014,1070000.0,2,2.25,3900,14864,1.0,3,8,1950,1950.0,1947,98144,2580,5184,27460 days 14:04:55.985162,240,0.8888888888888888,1.0,1320,9680,0.0
7611200125,10/23/2014,467000.0,2,1.5,1320,10800,1.0,4,8,1320,0.0,1947,98177,2120,12040,27460 days 14:04:55.985162,296,1.3333333333333333,0.0,-800,-1240,1320.0
5611500140,8/22/2014,686000.0,4,2.5,2760,6440,2.0,3,1,2760,0.0,1999,98075,3070,8127,8467 days 14:04:55.985162,234,1.6,0.0,-310,-1687,2760.0
7138000260,6/5/2014,279950.0,3,2.0,1750,9750,1.0,3,7,1350,400.0,1961,98198,1900,10125,22346 days 14:04:55.985162,156,1.5,3.375,-150,-375,950.0
626059335,9/4/2014,527000.0,4,2.25,2330,19436,2.0,3,8,2330,0.0,1987,98011,1910,10055,12850 days 14:04:55.985162,247,1.7777777777777777,0.0,420,9381,2330.0
1922059282,9/18/2014,325000.0,3,2.25,2220,16020,1.0,4,8,1780,440.0,1966,98030,2080,9583,20520 days 14:04:55.985162,261,1.3333333333333333,4.045454545454546,140,6437,1340.0
705700390,9/3/2014,328000.0,3,2.25,2020,8379,2.0,3,7,2020,0.0,1994,98038,2020,8031,10293 days 14:04:55.985162,246,1.3333333333333333,0.0,0,348,2020.0
7454001200,6/4/2014,390000.0,3,2.25,1250,7500,1.0,5,7,1250,0.0,1942,98146,1280,7392,29286 days 14:04:55.985162,155,1.3333333333333333,0.0,-30,108,1250.0
8682281200,3/9/2015,479950.0,2,2.0,1510,6516,1.0,3,8,1510,0.0,2005,98053,1640,6009,6275 days 14:04:55.985162,068,1.0,0.0,-130,507,1510.0
7972000200,5/29/2014,264950.0,4,2.25,1720,9753,1.0,4,7,1120,600.0,1978,98023,1510,9753,16137 days 14:04:55.985162,149,1.7777777777777777,1.8666666666666667,210,0,520.0
722059070,1/15/2015,235000.0,3,1.0,1430,15246,1.0,4,7,980,450.0,1961,98031,1960,13068,22346 days 14:04:55.985162,015,3.0,2.1777777777777776,-530,2178,530.0
7202340400,3/3/2015,516500.0,3,2.5,1480,4729,2.0,3,7,1480,0.0,2004,98053,2250,4729,6641 days 14:04:55.985162,062,1.2,0.0,-770,0,1480.0
8096000060,4/13/2015,655000.0,2,1.75,1450,15798,2.0,3,7,1230,220.0,1915,98166,2030,13193,39148 days 14:04:55.985162,103,1.1428571428571428,5.590909090909091,-580,2605,1010.0
2424000060,6/16/2014,500000.0,4,2.75,2280,15347,1.0,5,7,2280,0.0,1960,98059,2280,15347,22712 days 14:04:55.985162,167,1.4545454545454546,0.0,0,0,2280.0
9264902050,11/21/2014,315000.0,6,2.75,2940,7350,1.0,3,8,1780,1160.0,1978,98023,2120,8236,16137 days 14:04:55.985162,325,2.1818181818181817,1.5344827586206897,820,-886,620.0
943100260,11/20/2014,213000.0,2,1.0,1000,10200,1.0,3,6,1000,0.0,1961,98024,1150,13702,22346 days 14:04:55.985162,324,2.0,0.0,-150,-3502,1000.0
3677400445,9/2/2014,475000.0,3,1.5,2480,5280,1.5,5,7,1620,860.0,1947,98108,2090,4800,27460 days 14:04:55.985162,245,2.0,1.8837209302325582,390,480,760.0
1762600320,6/10/2014,1030000.0,5,4.0,3760,28040,2.0,3,1,3760,0.0,1983,98033,3430,35096,14311 days 14:04:55.985162,161,1.25,0.0,330,-7056,3760.0
4058000060,4/9/2015,416000.0,3,2.0,2220,94300,1.0,5,7,1640,580.0,1976,98010,2070,80100,16868 days 14:04:55.985162,099,1.5,2.8275862068965516,150,14200,1060.0
7228500560,3/20/2015,410000.0,4,1.0,1970,4740,1.5,3,7,1670,300.0,1904,98122,1510,4740,43166 days 14:04:55.985162,079,4.0,5.566666666666666,460,0,1370.0
326069104,7/1/2014,800000.0,3,3.5,3830,221284,2.0,3,1,3530,300.0,1993,98077,2920,148539,10658 days 14:04:55.985162,182,0.8571428571428571,11.766666666666667,910,72745,3230.0
5152100060,5/29/2014,472000.0,6,2.5,4410,14034,1.0,4,9,2350,2060.0,1965,98003,2600,13988,20885 days 14:04:55.985162,149,2.4,1.1407766990291262,1810,46,290.0
3584000310,12/8/2014,225000.0,3,1.75,1430,8505,1.0,4,7,1430,0.0,1968,98003,1190,8640,19790 days 14:04:55.985162,342,1.7142857142857142,0.0,240,-135,1430.0
8150100045,10/1/2014,210000.0,2,1.0,830,6000,1.0,3,6,830,0.0,1940,98126,830,4960,30017 days 14:04:55.985162,274,2.0,0.0,0,1040,830.0
1868901275,1/27/2015,455000.0,2,1.0,1430,5000,1.5,2,7,1430,0.0,1925,98115,1450,3750,35495 days 14:04:55.985162,027,2.0,0.0,-20,1250,1430.0
6131600075,4/27/2015,225000.0,3,1.0,1300,8316,1.0,4,6,1300,0.0,1954,98002,1260,8316,24903 days 14:04:55.985162,117,3.0,0.0,40,0,1300.0
9468200125,8/26/2014,480000.0,2,1.0,1030,3060,1.0,4,7,790,240.0,1918,98103,1390,3060,38052 days 14:04:55.985162,238,2.0,3.2916666666666665,-360,0,550.0
8029510030,2/12/2015,363000.0,3,2.5,2740,11872,2.0,3,9,2740,0.0,1990,98023,2570,10377,11754 days 14:04:55.985162,043,1.2,0.0,170,1495,2740.0
2025069065,9/29/2014,2400000.0,4,2.5,3650,8354,1.0,3,9,1830,1820.0,2000,98074,3120,18841,8102 days 14:04:55.985162,272,1.6,1.0054945054945055,530,-10487,10.0
7899800890,2/26/2015,181000.0,2,1.5,720,5120,1.0,3,6,720,0.0,1954,98106,1150,2566,24903 days 14:04:55.985162,057,1.3333333333333333,0.0,-430,2554,720.0
3021059276,3/14/2015,250000.0,4,2.0,2010,7312,1.0,4,7,2010,0.0,1976,98002,2010,7650,16868 days 14:04:55.985162,073,2.0,0.0,0,-338,2010.0
3797001895,4/22/2015,481000.0,3,1.75,1560,3000,1.0,4,6,770,790.0,1918,98103,1390,3000,38052 days 14:04:55.985162,112,1.7142857142857142,0.9746835443037974,170,0,-20.0
3832710960,9/23/2014,260000.0,3,2.0,1810,7209,1.0,4,7,1240,570.0,1978,98032,1750,7209,16137 days 14:04:55.985162,266,1.5,2.175438596491228,60,0,670.0
1310430400,5/13/2014,455000.0,4,2.5,3360,7685,2.0,3,9,3360,0.0,2001,98058,3060,6567,7736 days 14:04:55.985162,133,1.6,0.0,300,1118,3360.0
1422300030,4/1/2015,415000.0,3,2.25,1510,36224,2.0,3,8,1510,0.0,1991,98045,1730,36224,11389 days 14:04:55.985162,091,1.3333333333333333,0.0,-220,0,1510.0
1105000588,4/21/2015,349500.0,3,1.0,1400,3538,1.0,3,7,800,600.0,1953,98118,1620,6331,25268 days 14:04:55.985162,111,3.0,1.3333333333333333,-220,-2793,200.0
3830630060,9/29/2014,245000.0,3,2.5,1730,7442,2.0,3,7,1730,0.0,1987,98030,1630,6458,12850 days 14:04:55.986161,272,1.2,0.0,100,984,1730.0
5101404898,5/19/2014,592500.0,2,2.0,1420,9191,1.5,5,7,1420,0.0,1928,98115,1420,6816,34400 days 14:04:55.986161,139,1.0,0.0,0,2375,1420.0
7972601890,10/20/2014,385000.0,4,1.75,2360,7620,1.0,4,7,1180,1180.0,1955,98106,1910,7620,24538 days 14:04:55.986161,293,2.2857142857142856,1.0,450,0,0.0
5127001620,2/11/2015,315000.0,3,1.75,1580,11455,1.0,4,7,1200,380.0,1974,98059,1550,10650,17598 days 14:04:55.986161,042,1.7142857142857142,3.1578947368421053,30,805,820.0
9407100800,11/24/2014,255000.0,3,1.0,1230,10170,1.0,3,7,1230,0.0,1979,98045,1380,10098,15772 days 14:04:55.986161,328,3.0,0.0,-150,72,1230.0
1873100060,8/29/2014,693000.0,4,2.5,2460,4425,2.0,3,8,2460,0.0,2006,98052,2990,5659,5910 days 14:04:55.986161,241,1.6,0.0,-530,-1234,2460.0
8722101360,12/2/2014,780000.0,3,1.0,1660,4400,1.5,3,8,1460,200.0,1911,98112,1660,4400,40609 days 14:04:55.986161,336,3.0,7.3,0,0,1260.0
8644000060,10/24/2014,237000.0,3,1.75,1270,8470,1.0,4,7,1270,0.0,1960,98198,1600,8470,22712 days 14:04:55.986161,297,1.7142857142857142,0.0,-330,0,1270.0
3325069129,12/16/2014,525000.0,3,2.25,2100,40510,2.0,3,1,1320,780.0,1979,98074,2380,33450,15772 days 14:04:55.986161,350,1.3333333333333333,1.6923076923076923,-280,7060,540.0
1400300055,4/28/2015,425000.0,2,1.0,770,5040,1.0,3,5,770,0.0,1930,98144,1330,2580,33669 days 14:04:55.986161,118,2.0,0.0,-560,2460,770.0
2123039032,10/27/2014,369900.0,1,0.75,760,10079,1.0,5,5,760,0.0,1936,98070,1230,14267,31478 days 14:04:55.986161,300,1.3333333333333333,0.0,-470,-4188,760.0
8078560140,5/19/2014,290000.0,4,2.5,1700,7280,2.0,4,7,1700,0.0,1988,98031,1950,7475,12485 days 14:04:55.986161,139,1.6,0.0,-250,-195,1700.0
3438500192,9/29/2014,285000.0,3,1.0,1120,10701,1.0,3,7,1120,0.0,1954,98106,1130,6350,24903 days 14:04:55.986161,272,3.0,0.0,-10,4351,1120.0
7974200510,8/14/2014,415000.0,2,1.0,1070,4500,1.0,3,7,1070,0.0,1937,98115,1320,4465,31112 days 14:04:55.986161,226,2.0,0.0,-250,35,1070.0
2557000400,4/9/2015,272500.0,3,2.5,2070,9900,1.0,3,8,1420,650.0,1979,98023,2070,8250,15772 days 14:04:55.986161,099,1.2,2.1846153846153844,0,1650,770.0
7960900060,5/4/2015,2900000.0,4,3.25,5050,20100,1.5,3,1,4750,300.0,1982,98004,3890,20060,14676 days 14:04:55.986161,124,1.2307692307692308,15.833333333333334,1160,40,4450.0
4054500390,10/7/2014,1370000.0,4,4.75,5310,57346,2.0,4,1,5310,0.0,1989,98077,4180,47443,12119 days 14:04:55.986161,280,0.8421052631578947,0.0,1130,9903,5310.0
6378500125,5/1/2015,436000.0,2,1.0,1040,7538,1.0,4,7,1040,0.0,1939,98133,1440,7530,30382 days 14:04:55.986161,121,2.0,0.0,-400,8,1040.0
1745100140,10/17/2014,210000.0,3,1.0,1700,11390,1.0,4,7,1700,0.0,1967,98003,1350,8164,20155 days 14:04:55.986161,290,3.0,0.0,350,3226,1700.0
2976800796,9/25/2014,236000.0,3,1.0,1300,5898,1.0,3,7,1300,0.0,1961,98178,1320,7619,22346 days 14:04:55.986161,268,3.0,0.0,-20,-1721,1300.0
4235400186,11/24/2014,331000.0,3,1.75,1080,1306,1.0,3,7,580,500.0,1954,98199,1440,2225,24903 days 14:04:55.986161,328,1.7142857142857142,1.16,-360,-919,80.0
4215100060,3/20/2015,365000.0,3,2.5,2653,4510,2.0,3,8,2653,0.0,2006,98031,2653,4927,5910 days 14:04:55.986161,079,1.2,0.0,0,-417,2653.0
9189700045,1/27/2015,450000.0,3,2.0,2290,16258,1.0,5,8,2290,0.0,1960,98058,1660,10530,22712 days 14:04:55.986161,027,1.5,0.0,630,5728,2290.0
1126049053,11/13/2014,770000.0,4,2.75,3820,26300,2.0,3,9,2850,970.0,2014,98028,1860,12136,2988 days 14:04:55.986161,317,1.4545454545454546,2.9381443298969074,1960,14164,1880.0
2022069200,5/5/2015,455000.0,4,2.5,2210,49375,1.0,3,8,2210,0.0,1997,98038,2670,49385,9197 days 14:04:55.986161,125,1.6,0.0,-460,-10,2210.0
9412900055,5/5/2015,405000.0,3,1.75,2390,6000,1.0,3,6,1240,1150.0,1908,98118,2020,6000,41705 days 14:04:55.986161,125,1.7142857142857142,1.0782608695652174,370,0,90.0
1722059235,7/3/2014,304900.0,4,1.75,2600,11325,1.0,4,7,1610,990.0,1969,98031,1720,11088,19424 days 14:04:55.986161,184,2.2857142857142856,1.6262626262626263,880,237,620.0
6874200960,2/27/2015,170000.0,2,1.0,860,5265,1.0,3,6,860,0.0,1931,98178,1650,8775,33304 days 14:04:55.986161,058,2.0,0.0,-790,-3510,860.0
7424700045,5/13/2015,2050000.0,5,3.0,3830,8480,2.0,5,9,2630,1200.0,1905,98122,3050,7556,42800 days 14:04:55.986161,133,1.6666666666666667,2.191666666666667,780,924,1430.0
7202360350,6/30/2014,780000.0,4,2.5,3500,7048,2.0,3,9,3500,0.0,2005,98053,3920,7864,6275 days 14:04:55.986161,181,1.6,0.0,-420,-816,3500.0
5634500392,4/10/2015,330000.0,3,3.0,2420,13959,1.0,4,8,1740,680.0,1988,98028,2570,13300,12485 days 14:04:55.986161,100,1.0,2.5588235294117645,-150,659,1060.0
1509500060,9/5/2014,370000.0,4,2.5,2720,8666,2.0,3,9,2720,0.0,1992,98030,2410,8100,11024 days 14:04:55.986161,248,1.6,0.0,310,566,2720.0
7214810350,10/17/2014,467000.0,5,2.25,2500,13500,1.0,3,7,1850,650.0,1979,98072,2300,9750,15772 days 14:04:55.986161,290,2.2222222222222223,2.8461538461538463,200,3750,1200.0
6647200060,2/9/2015,405000.0,3,1.75,1670,6720,1.0,3,7,1140,530.0,1980,98034,1670,7320,15407 days 14:04:55.986161,040,1.7142857142857142,2.150943396226415,0,-600,610.0
9552700140,7/2/2014,675000.0,5,2.25,2900,10300,1.0,3,8,1450,1450.0,1985,98006,2310,10300,13580 days 14:04:55.986161,183,2.2222222222222223,1.0,590,0,0.0
2200500350,8/12/2014,500000.0,2,1.0,1640,14100,1.0,4,7,1140,500.0,1954,98006,1520,13527,24903 days 14:04:55.986161,224,2.0,2.28,120,573,640.0
6113400046,7/23/2014,389999.0,4,2.5,1890,15770,2.0,4,7,1890,0.0,1968,98166,2410,15256,19790 days 14:04:55.986161,204,1.6,0.0,-520,514,1890.0
6619910140,2/24/2015,630000.0,4,1.75,2950,9025,1.0,4,8,1780,1170.0,1975,98034,2120,9600,17233 days 14:04:55.986161,055,2.2857142857142856,1.5213675213675213,830,-575,610.0
1115450240,10/22/2014,360000.0,4,2.5,2160,9528,2.0,3,9,2160,0.0,1992,98001,2280,9937,11024 days 14:04:55.986161,295,1.6,0.0,-120,-409,2160.0
6073240060,10/2/2014,580000.0,4,3.0,3280,11060,2.0,3,8,2270,1010.0,1986,98056,2320,11004,13215 days 14:04:55.986161,275,1.3333333333333333,2.2475247524752477,960,56,1260.0
9297300045,7/9/2014,550000.0,3,2.0,1970,4166,2.0,5,8,1270,700.0,1929,98126,2390,4166,34034 days 14:04:55.986161,190,1.5,1.8142857142857143,-420,0,570.0
9510920070,7/10/2014,879000.0,4,2.5,3360,22111,2.0,3,1,3360,0.0,1994,98075,3150,11374,10293 days 14:04:55.986161,191,1.6,0.0,210,10737,3360.0
5468730030,8/22/2014,265000.0,3,2.0,1320,8959,1.0,3,7,1320,0.0,1993,98042,1740,7316,10658 days 14:04:55.986161,234,1.5,0.0,-420,1643,1320.0
8079030390,3/4/2015,446500.0,3,2.5,2650,7286,2.0,3,8,2650,0.0,1990,98059,2400,7220,11754 days 14:04:55.986161,063,1.2,0.0,250,66,2650.0
600000152,6/2/2014,404000.0,3,1.5,2030,8880,1.0,3,7,1330,700.0,1963,98108,2140,5592,21616 days 14:04:55.986161,153,2.0,1.9,-110,3288,630.0
1840000030,5/29/2014,267500.0,3,1.75,1590,11914,1.0,3,7,1090,500.0,1957,98188,1630,9052,23807 days 14:04:55.986161,149,1.7142857142857142,2.18,-40,2862,590.0
3225069065,6/24/2014,3080000.0,4,5.0,4550,18641,1.0,3,1,2600,1950.0,2002,98074,4550,19508,7371 days 14:04:55.986161,175,0.8,1.3333333333333333,0,-867,650.0
3260800030,8/11/2014,335000.0,3,2.5,2440,7632,2.0,3,8,2440,0.0,1998,98003,2510,7903,8832 days 14:04:55.986161,223,1.2,0.0,-70,-271,2440.0
2747100024,6/19/2014,576000.0,3,2.5,1940,9000,1.0,4,7,970,970.0,1948,98117,2190,7310,27095 days 14:04:55.986161,170,1.2,1.0,-250,1690,0.0
5104530560,4/1/2015,208633.0,3,2.5,2040,3810,2.0,3,8,2040,0.0,2006,98038,2370,4590,5910 days 14:04:55.986161,091,1.2,0.0,-330,-780,2040.0
4330600350,1/15/2015,315000.0,3,2.25,2200,8750,1.0,4,7,1120,1080.0,1964,98166,1460,10139,21251 days 14:04:55.986161,015,1.3333333333333333,1.037037037037037,740,-1389,40.0
5016001535,2/17/2015,725000.0,3,1.75,1920,3300,1.0,4,8,960,960.0,1913,98112,1740,4000,39878 days 14:04:55.986161,048,1.7142857142857142,1.0,180,-700,0.0
7280300196,4/3/2015,550000.0,4,2.75,1800,7750,1.0,4,8,1400,400.0,1965,98177,1800,8275,20885 days 14:04:55.986161,093,1.4545454545454546,3.5,0,-525,1000.0
8651520400,6/12/2014,610750.0,4,2.25,2180,7297,2.0,3,8,2180,0.0,1984,98074,2250,9781,13946 days 14:04:55.986161,163,1.7777777777777777,0.0,-70,-2484,2180.0
7171200445,2/28/2015,550700.0,2,1.0,1010,5000,1.5,4,6,1010,0.0,1908,98105,1460,5000,41705 days 14:04:55.986161,059,2.0,0.0,-450,0,1010.0
3416600800,2/9/2015,834000.0,4,2.5,2370,4000,1.5,5,8,1980,390.0,1928,98144,2440,5750,34400 days 14:04:55.986161,040,1.6,5.076923076923077,-70,-1750,1590.0
7994700030,10/23/2014,201000.0,5,1.75,1660,78408,1.5,3,6,1660,0.0,1915,98065,1660,78408,39148 days 14:04:55.986161,296,2.857142857142857,0.0,0,0,1660.0
1860600135,5/2/2014,2380000.0,5,2.5,3650,9050,2.0,5,1,3370,280.0,1921,98119,2880,5400,36956 days 14:04:55.986161,122,2.0,12.035714285714286,770,3650,3090.0
4139480200,6/18/2014,1380000.0,4,3.25,4290,12103,1.0,3,1,2690,1600.0,1997,98006,3860,11244,9197 days 14:04:55.986161,169,1.2307692307692308,1.68125,430,859,1090.0
4139480200,12/9/2014,1400000.0,4,3.25,4290,12103,1.0,3,1,2690,1600.0,1997,98006,3860,11244,9197 days 14:04:55.986161,343,1.2307692307692308,1.68125,430,859,1090.0
1328320800,11/5/2014,305000.0,4,2.25,1950,7700,1.0,3,8,1350,600.0,1979,98058,2150,7350,15772 days 14:04:55.986161,309,1.7777777777777777,2.25,-200,350,750.0
7771300125,4/8/2015,487000.0,3,2.0,2590,14052,1.0,5,8,1720,870.0,1948,98133,1570,8162,27095 days 14:04:55.986161,098,1.5,1.9770114942528736,1020,5890,850.0
3422059208,5/11/2015,390000.0,3,2.5,1930,64904,1.0,4,8,1930,0.0,1988,98042,2350,57500,12485 days 14:04:55.986161,131,1.2,0.0,-420,7404,1930.0
9521101455,7/23/2014,548000.0,2,1.0,1470,3864,1.0,4,7,1170,300.0,1916,98103,1570,3864,38783 days 14:04:55.986161,204,2.0,3.9,-100,0,870.0
4337000335,11/22/2014,268750.0,4,1.0,800,8775,1.0,3,6,800,0.0,1943,98166,1310,8775,28921 days 14:04:55.986161,326,4.0,0.0,-510,0,800.0
325059286,5/13/2014,819900.0,5,2.75,3150,7119,2.0,3,9,3150,0.0,2013,98052,1560,8384,3353 days 14:04:55.986161,133,1.8181818181818181,0.0,1590,-1265,3150.0
2597650240,10/23/2014,520000.0,3,2.25,2030,16200,2.0,3,8,2030,0.0,1984,98027,2660,17958,13946 days 14:04:55.986161,296,1.3333333333333333,0.0,-630,-1758,2030.0
3353400435,7/21/2014,230000.0,3,2.0,1450,11204,1.0,3,7,1450,0.0,2003,98001,1520,9518,7006 days 14:04:55.986161,202,1.5,0.0,-70,1686,1450.0
7972000240,2/2/2015,240000.0,3,1.75,1510,10248,1.0,3,7,1510,0.0,1969,98023,1510,9753,19424 days 14:04:55.986161,033,1.7142857142857142,0.0,0,495,1510.0
7520000520,9/5/2014,232000.0,2,1.0,1240,12092,1.0,3,6,960,280.0,1922,98146,1820,7460,36591 days 14:04:55.986161,248,2.0,3.4285714285714284,-580,4632,680.0
7520000520,3/11/2015,240500.0,2,1.0,1240,12092,1.0,3,6,960,280.0,1922,98146,1820,7460,36591 days 14:04:55.986161,070,2.0,3.4285714285714284,-580,4632,680.0
3530210260,10/27/2014,274975.0,3,2.5,3030,45004,2.0,3,9,3030,0.0,1987,98077,3080,35781,12850 days 14:04:55.986161,300,1.2,0.0,-50,9223,3030.0
1959700550,9/5/2014,740000.0,4,2.0,2050,4400,1.5,4,9,2050,0.0,1922,98102,2320,5500,36591 days 14:04:55.986161,248,2.0,0.0,-270,-1100,2050.0
1665400045,4/28/2015,186375.0,3,1.0,1000,7636,1.0,2,7,1000,0.0,1952,98166,1150,7600,25634 days 14:04:55.986161,118,3.0,0.0,-150,36,1000.0
9542850320,7/25/2014,790000.0,3,2.25,2370,10289,1.0,4,9,1590,780.0,1977,98005,2500,10004,16502 days 14:04:55.986161,206,1.3333333333333333,2.0384615384615383,-130,285,810.0
3179100060,9/16/2014,880000.0,4,3.5,2800,6750,2.0,3,9,1890,910.0,1951,98105,2370,6120,25999 days 14:04:55.986161,259,1.1428571428571428,2.076923076923077,430,630,980.0
2946001550,4/16/2015,279000.0,6,1.75,2240,11180,2.0,4,7,2240,0.0,1955,98198,1590,7955,24538 days 14:04:55.986161,106,3.4285714285714284,0.0,650,3225,2240.0
8078490390,7/29/2014,295000.0,3,2.0,1810,10530,1.0,3,8,1810,0.0,1991,98022,1910,10450,11389 days 14:04:55.986161,210,1.5,0.0,-100,80,1810.0
9550201550,4/8/2015,640000.0,2,1.0,1070,5000,1.0,3,7,1070,0.0,1924,98103,1710,5000,35861 days 14:04:55.986161,098,2.0,0.0,-640,0,1070.0
191100045,7/3/2014,940000.0,4,2.0,2490,9525,2.0,5,9,2490,0.0,1968,98040,2770,9525,19790 days 14:04:55.986161,184,2.0,0.0,-280,0,2490.0
5009600070,10/7/2014,260000.0,4,2.5,1960,5238,2.0,3,7,1960,0.0,2003,98038,1800,5894,7006 days 14:04:55.986161,280,1.6,0.0,160,-656,1960.0
200350070,6/2/2014,559900.0,3,2.75,2930,5569,1.0,3,9,1860,1070.0,2004,98072,2580,11045,6641 days 14:04:55.986161,153,1.0909090909090908,1.7383177570093458,350,-5476,790.0
2877103726,7/22/2014,791500.0,4,2.0,1510,3500,1.5,5,7,1510,0.0,1911,98103,1820,3750,40609 days 14:04:55.986161,203,2.0,0.0,-310,-250,1510.0
405100295,8/26/2014,265000.0,3,1.75,1420,8250,1.0,3,7,1420,0.0,1954,98133,1740,8000,24903 days 14:04:55.986161,238,1.7142857142857142,0.0,-320,250,1420.0
4268200055,5/1/2015,245000.0,3,1.75,1740,11547,1.0,3,7,1740,0.0,1954,98178,880,78408,24903 days 14:04:55.986161,121,1.7142857142857142,0.0,860,-66861,1740.0
3126069068,4/24/2015,485000.0,4,1.75,2560,43995,2.0,4,7,2560,0.0,1962,98052,2560,14764,21981 days 14:04:55.986161,114,2.2857142857142856,0.0,0,29231,2560.0
1115300070,11/6/2014,684000.0,4,3.5,3040,8414,2.0,3,9,2420,620.0,2010,98059,3470,8066,4449 days 14:04:55.986161,310,1.1428571428571428,3.903225806451613,-430,348,1800.0
6414100671,9/9/2014,425000.0,3,1.75,2500,6840,1.0,3,8,1300,1200.0,1957,98125,1580,8691,23807 days 14:04:55.986161,252,1.7142857142857142,1.0833333333333333,920,-1851,100.0
7004200060,10/17/2014,309600.0,4,1.75,1275,20000,1.0,4,6,1275,0.0,1991,98070,1660,20000,11389 days 14:04:55.986161,290,2.2857142857142856,0.0,-385,0,1275.0
7852110140,7/18/2014,552250.0,4,2.5,2580,5823,2.0,3,8,2580,0.0,2002,98065,2380,5823,7371 days 14:04:55.986161,199,1.6,0.0,200,0,2580.0
3969300030,7/23/2014,165000.0,4,1.0,1000,7134,1.0,3,6,1000,0.0,1943,98178,1020,7138,28921 days 14:04:55.986161,204,4.0,0.0,-20,-4,1000.0
3969300030,12/29/2014,239900.0,4,1.0,1000,7134,1.0,3,6,1000,0.0,1943,98178,1020,7138,28921 days 14:04:55.986161,363,4.0,0.0,-20,-4,1000.0
4048400070,12/5/2014,320000.0,2,1.0,1070,32633,1.0,4,6,1070,0.0,1930,98059,1360,32156,33669 days 14:04:55.986161,339,2.0,0.0,-290,477,1070.0
808000070,10/21/2014,206600.0,3,2.0,1390,13464,1.0,4,7,1390,0.0,1987,98030,1720,12080,12850 days 14:04:55.986161,294,1.5,0.0,-330,1384,1390.0
7374200030,4/16/2015,387000.0,4,1.75,2500,7690,1.0,3,7,1250,1250.0,1973,98155,2040,8646,17963 days 14:04:55.986161,106,2.2857142857142856,1.0,460,-956,0.0
7325600160,6/4/2014,299000.0,1,0.75,560,12120,1.0,3,4,560,0.0,1967,98014,1300,19207,20155 days 14:04:55.986161,155,1.3333333333333333,0.0,-740,-7087,560.0
2757000030,9/22/2014,855000.0,4,2.75,2270,10460,2.0,3,9,2270,0.0,1965,98040,2610,10180,20885 days 14:04:55.986161,265,1.4545454545454546,0.0,-340,280,2270.0
616000140,1/26/2015,315000.0,3,1.0,1900,14400,1.0,4,7,1300,600.0,1954,98166,1940,14400,24903 days 14:04:55.986161,026,3.0,2.1666666666666665,-40,0,700.0
3363900111,12/3/2014,437500.0,2,1.0,990,3120,1.0,5,7,790,200.0,1907,98103,1930,3120,42070 days 14:04:55.986161,337,2.0,3.95,-940,0,590.0
9262800171,3/24/2015,252000.0,4,1.5,1550,19800,1.0,4,7,1050,500.0,1969,98001,1640,22654,19424 days 14:04:55.986161,083,2.6666666666666665,2.1,-90,-2854,550.0
6607000126,6/4/2014,375000.0,4,1.75,2200,7475,1.0,5,7,1100,1100.0,1955,98118,1600,5766,24538 days 14:04:55.986161,155,2.2857142857142856,1.0,600,1709,0.0
5416510830,8/6/2014,300000.0,4,2.5,1910,4862,2.0,3,7,1910,0.0,2005,98038,2010,5091,6275 days 14:04:55.986161,218,1.6,0.0,-100,-229,1910.0
2201500030,10/6/2014,420000.0,4,1.0,1750,9600,1.5,4,7,1750,0.0,1954,98006,1750,10530,24903 days 14:04:55.986161,279,4.0,0.0,0,-930,1750.0
325059171,5/5/2014,900000.0,3,1.0,1330,77972,1.0,3,7,1330,0.0,1928,98033,1340,17689,34400 days 14:04:55.986161,125,3.0,0.0,-10,60283,1330.0
952003285,8/5/2014,679900.0,3,2.5,2440,5750,2.0,3,9,1980,460.0,2000,98116,1520,5750,8102 days 14:04:55.986161,217,1.2,4.304347826086956,920,0,1520.0
3211290370,6/5/2014,463000.0,3,2.5,1640,29970,2.0,3,7,1640,0.0,1992,98053,1580,28399,11024 days 14:04:55.986161,156,1.2,0.0,60,1571,1640.0
1072010350,8/28/2014,380000.0,5,2.5,2760,11340,2.0,4,9,2760,0.0,1978,98059,2470,11340,16137 days 14:04:55.986161,240,2.0,0.0,290,0,2760.0
8856950070,12/10/2014,329500.0,4,2.5,1820,7912,2.0,3,7,1820,0.0,1994,98038,1820,8168,10293 days 14:04:55.986161,344,1.6,0.0,0,-256,1820.0
925059078,8/19/2014,604950.0,3,2.5,2110,5608,1.0,3,8,1340,770.0,2013,98033,2040,9363,3353 days 14:04:55.986161,231,1.2,1.7402597402597402,70,-3755,570.0
7855801090,9/17/2014,795000.0,5,2.5,3040,9570,1.0,4,8,1640,1400.0,1966,98006,2920,8800,20520 days 14:04:55.986161,260,2.0,1.1714285714285715,120,770,240.0
723099065,1/30/2015,465000.0,3,2.0,1840,40438,2.0,3,7,1840,0.0,1994,98045,1380,44049,10293 days 14:04:55.986161,030,1.5,0.0,460,-3611,1840.0
6116500075,3/26/2015,673000.0,4,2.5,2990,10400,2.0,3,9,2990,0.0,2002,98166,2140,17449,7371 days 14:04:55.986161,085,1.6,0.0,850,-7049,2990.0
1118500030,10/1/2014,810000.0,4,2.5,3520,15420,2.0,3,1,3520,0.0,1991,98074,3400,21455,11389 days 14:04:55.986161,274,1.6,0.0,120,-6035,3520.0
424069250,4/23/2015,785000.0,4,2.75,2440,69415,1.0,4,8,1910,530.0,1989,98075,2770,24361,12119 days 14:04:55.986161,113,1.4545454545454546,3.6037735849056602,-330,45054,1380.0
3291800710,11/20/2014,338000.0,4,3.0,2090,7500,1.0,3,7,1370,720.0,1986,98056,1810,7650,13215 days 14:04:55.986161,324,1.3333333333333333,1.9027777777777777,280,-150,650.0
6838700060,12/4/2014,280000.0,3,2.25,1430,7222,2.0,3,7,1430,0.0,1993,98056,1430,7220,10658 days 14:04:55.986161,338,1.3333333333333333,0.0,0,2,1430.0
2231500030,10/1/2014,315000.0,4,2.25,2180,10754,1.0,5,7,1100,1080.0,1954,98133,1810,6929,24903 days 14:04:55.986161,274,1.7777777777777777,1.0185185185185186,370,3825,20.0
2231500030,3/24/2015,530000.0,4,2.25,2180,10754,1.0,5,7,1100,1080.0,1954,98133,1810,6929,24903 days 14:04:55.987157,083,1.7777777777777777,1.0185185185185186,370,3825,20.0
7683900200,12/23/2014,380000.0,5,3.0,3450,9914,2.0,3,9,3450,0.0,2004,98023,2860,9721,6641 days 14:04:55.987157,357,1.6666666666666667,0.0,590,193,3450.0
8155830060,8/11/2014,297000.0,3,2.25,1450,7562,2.0,3,7,1450,0.0,1994,98056,1650,7625,10293 days 14:04:55.987157,223,1.3333333333333333,0.0,-200,-63,1450.0
98020310,5/20/2014,730000.0,4,2.5,3230,7331,2.0,3,1,3230,0.0,2004,98075,3480,7447,6641 days 14:04:55.987157,140,1.6,0.0,-250,-116,3230.0
9423400140,6/9/2014,450000.0,3,1.75,1640,13500,1.0,3,7,1110,530.0,1940,98125,1770,12600,30017 days 14:04:55.987157,160,1.7142857142857142,2.0943396226415096,-130,900,580.0
1545804860,10/27/2014,275000.0,3,3.0,1590,7750,1.0,3,7,1060,530.0,1997,98038,1680,7500,9197 days 14:04:55.987157,300,1.0,2.0,-90,250,530.0
2883200160,4/29/2015,595000.0,4,2.0,2020,2849,2.0,3,7,2020,0.0,1960,98115,1910,3120,22712 days 14:04:55.987157,119,2.0,0.0,110,-271,2020.0
7132300695,4/21/2015,435000.0,3,1.5,1300,3348,1.5,3,7,1300,0.0,1904,98144,1590,2577,43166 days 14:04:55.987157,111,2.0,0.0,-290,771,1300.0
1726059053,9/16/2014,270000.0,2,1.5,1380,209959,1.0,1,6,1380,0.0,1954,98011,3130,19868,24903 days 14:04:55.987157,259,1.3333333333333333,0.0,-1750,190091,1380.0
624111000,8/5/2014,950000.0,3,3.0,4040,14338,2.0,3,1,3030,1010.0,1986,98077,3360,14142,13215 days 14:04:55.987157,217,1.0,3.0,680,196,2020.0
808300310,3/13/2015,389000.0,4,2.25,2130,5337,2.0,3,7,2130,0.0,2001,98019,2300,6930,7736 days 14:04:55.987157,072,1.7777777777777777,0.0,-170,-1593,2130.0
8563040160,1/21/2015,560000.0,4,2.25,2550,7800,1.0,3,8,1580,970.0,1968,98052,2420,8050,19790 days 14:04:55.987157,021,1.7777777777777777,1.6288659793814433,130,-250,610.0
8651600160,11/11/2014,799000.0,4,2.25,2510,11585,2.0,4,8,2510,0.0,1969,98040,2450,9691,19424 days 14:04:55.987157,315,1.7777777777777777,0.0,60,1894,2510.0
9517200030,6/25/2014,365500.0,3,2.0,1410,9600,1.0,4,7,1410,0.0,1983,98072,1410,9600,14311 days 14:04:55.987157,176,1.5,0.0,0,0,1410.0
2460700700,5/15/2014,252350.0,3,2.0,1650,7352,1.0,3,7,1160,490.0,1979,98058,1710,7350,15772 days 14:04:55.987157,135,1.5,2.36734693877551,-60,2,670.0
1223039290,9/5/2014,403950.0,4,2.5,2120,13780,2.0,3,8,2120,0.0,1993,98146,1880,12000,10658 days 14:04:55.987157,248,1.6,0.0,240,1780,2120.0
2890100060,8/1/2014,385000.0,4,1.5,2040,10726,1.0,3,7,1380,660.0,1954,98177,1610,10020,24903 days 14:04:55.987157,213,2.6666666666666665,2.090909090909091,430,706,720.0
7972600860,12/10/2014,345000.0,4,1.0,1550,7620,1.5,3,7,1550,0.0,1957,98106,1450,7620,23807 days 14:04:55.987157,344,4.0,0.0,100,0,1550.0
8857320070,9/17/2014,490000.0,3,2.75,1980,3128,2.0,4,9,1980,0.0,1979,98008,1950,2856,15772 days 14:04:55.987157,260,1.0909090909090908,0.0,30,272,1980.0
4047200695,6/18/2014,330000.0,3,2.5,1600,26977,2.0,3,8,1600,0.0,2005,98019,1790,27743,6275 days 14:04:55.987157,169,1.2,0.0,-190,-766,1600.0
1653500070,5/12/2014,927000.0,4,2.75,3300,12090,2.0,3,8,3300,0.0,1953,98004,3180,12239,25268 days 14:04:55.987157,132,1.4545454545454546,0.0,120,-149,3300.0
1923000030,7/28/2014,1120000.0,4,2.5,3840,16619,2.0,4,1,3840,0.0,1983,98040,3600,16553,14311 days 14:04:55.987157,209,1.6,0.0,240,66,3840.0
3649100320,4/30/2015,330000.0,2,1.0,1220,10000,1.0,5,7,1220,0.0,1950,98028,2000,9600,26364 days 14:04:55.987157,120,2.0,0.0,-780,400,1220.0
7375300160,3/9/2015,530000.0,5,2.25,2720,8800,1.0,4,7,1500,1220.0,1958,98008,2110,8800,23442 days 14:04:55.987157,068,2.2222222222222223,1.2295081967213115,610,0,280.0
5175800060,6/23/2014,365000.0,4,2.0,1940,25600,1.0,1,8,1940,0.0,1962,98006,2000,10071,21981 days 14:04:55.987157,174,2.0,0.0,-60,15529,1940.0
1604601375,6/19/2014,378750.0,3,2.5,2160,3000,1.5,3,7,1260,900.0,1909,98118,1060,3500,41339 days 14:04:55.987157,170,1.2,1.4,1100,-500,360.0
2473251090,6/19/2014,269900.0,4,1.75,1530,8750,1.5,4,7,1530,0.0,1968,98058,1390,8750,19790 days 14:04:55.987157,170,2.2857142857142856,0.0,140,0,1530.0
9126100861,3/6/2015,557000.0,3,3.5,1710,2096,2.0,3,8,1290,420.0,2008,98122,1630,1543,5180 days 14:04:55.987157,065,0.8571428571428571,3.0714285714285716,80,553,870.0
3420069065,8/25/2014,360000.0,4,1.75,3730,16980,1.0,4,7,2150,1580.0,1974,98022,1880,16963,17598 days 14:04:55.987157,237,2.2857142857142856,1.360759493670886,1850,17,570.0
6021501685,4/22/2015,352000.0,2,1.0,940,5000,1.0,4,7,940,0.0,1937,98117,1560,4500,31112 days 14:04:55.987157,112,2.0,0.0,-620,500,940.0
1151100070,2/24/2015,437000.0,3,2.5,1750,22357,2.0,3,8,1750,0.0,1994,98045,2430,22357,10293 days 14:04:55.987157,055,1.2,0.0,-680,0,1750.0
8856950240,6/18/2014,322500.0,4,2.5,1820,6753,2.0,3,7,1820,0.0,1994,98038,1820,7107,10293 days 14:04:55.987157,169,1.6,0.0,0,-354,1820.0
9385200055,9/12/2014,650000.0,3,3.25,1510,2000,2.0,3,9,1330,180.0,2001,98116,1510,1352,7736 days 14:04:55.987157,255,0.9230769230769231,7.388888888888889,0,648,1150.0
7821200390,8/6/2014,450000.0,3,2.0,1290,1213,3.0,3,8,1290,0.0,2001,98103,1290,3235,7736 days 14:04:55.987157,218,1.5,0.0,0,-2022,1290.0
8078520310,4/17/2015,278500.0,3,2.0,1570,5250,1.0,3,7,1570,0.0,1998,98092,1570,5250,8832 days 14:04:55.987157,107,1.5,0.0,0,0,1570.0
1565950030,4/27/2015,364950.0,4,2.5,1930,6957,2.0,3,8,1930,0.0,1995,98055,2090,6996,9928 days 14:04:55.987157,117,1.6,0.0,-160,-39,1930.0
1560930070,9/11/2014,840000.0,4,3.5,2840,40139,1.0,4,1,2840,0.0,1986,98038,3180,36852,13215 days 14:04:55.987157,254,1.1428571428571428,0.0,-340,3287,2840.0
6700400140,3/18/2015,268000.0,3,2.5,1550,8134,2.0,3,7,1550,0.0,1991,98031,1550,8134,11389 days 14:04:55.987157,077,1.2,0.0,0,0,1550.0
2422029094,7/16/2014,517534.0,2,1.0,833,143947,1.0,3,5,833,0.0,2006,98070,1380,143947,5910 days 14:04:55.987157,197,2.0,0.0,-547,0,833.0
1774220160,11/4/2014,632925.0,3,2.5,2990,32239,2.0,4,8,2990,0.0,1978,98077,2990,36497,16137 days 14:04:55.987157,308,1.2,0.0,0,-4258,2990.0
1525200060,7/23/2014,577500.0,3,2.5,2000,7251,2.0,3,9,2000,0.0,1995,98034,2450,8118,9928 days 14:04:55.987157,204,1.2,0.0,-450,-867,2000.0
1678400105,2/12/2015,339000.0,4,1.5,2390,7480,1.5,3,7,2390,0.0,1920,98178,2850,6867,37322 days 14:04:55.987157,043,2.6666666666666665,0.0,-460,613,2390.0
3426059070,9/9/2014,570000.0,3,1.75,2910,37461,1.0,4,7,1530,1380.0,1967,98052,2520,18295,20155 days 14:04:55.987157,252,1.7142857142857142,1.108695652173913,390,19166,150.0
824079032,6/26/2014,563500.0,4,1.75,2085,174240,1.0,3,7,1610,475.0,1964,98024,2690,174240,21251 days 14:04:55.987157,177,2.2857142857142856,3.389473684210526,-605,0,1135.0
2697100140,1/5/2015,423000.0,4,2.25,2200,9351,1.0,5,7,1290,910.0,1962,98133,1910,8660,21981 days 14:04:55.987157,005,1.7777777777777777,1.4175824175824177,290,691,380.0
8724300030,12/23/2014,355000.0,3,2.25,1860,5028,2.0,3,8,1860,0.0,2012,98019,2320,5465,3719 days 14:04:55.987157,357,1.3333333333333333,0.0,-460,-437,1860.0
8678500060,7/10/2014,1550000.0,5,4.25,6070,171626,2.0,3,1,6070,0.0,1999,98024,4680,211267,8467 days 14:04:55.987157,191,1.1764705882352942,0.0,1390,-39641,6070.0
625049299,12/3/2014,482000.0,2,1.0,950,3960,1.0,3,7,950,0.0,1941,98103,1320,4050,29651 days 14:04:55.987157,337,2.0,0.0,-370,-90,950.0
6073200075,7/30/2014,625000.0,3,1.75,1600,9135,1.0,5,7,1600,0.0,1955,98006,1580,9800,24538 days 14:04:55.987157,211,1.7142857142857142,0.0,20,-665,1600.0
6388900710,12/19/2014,538000.0,3,2.5,2250,11632,2.0,3,8,2250,0.0,1988,98056,2360,11632,12485 days 14:04:55.987157,353,1.2,0.0,-110,0,2250.0
1442860160,1/7/2015,380000.0,3,2.5,2280,10255,2.0,4,8,2280,0.0,1985,98058,2310,10094,13580 days 14:04:55.987157,007,1.2,0.0,-30,161,2280.0
7942600310,7/17/2014,375000.0,2,1.0,940,5120,1.0,3,7,940,0.0,1909,98122,1300,5120,41339 days 14:04:55.987157,198,2.0,0.0,-360,0,940.0
1545808560,4/3/2015,245000.0,3,2.5,1530,8500,1.0,5,7,1030,500.0,1996,98038,1850,8140,9563 days 14:04:55.987157,093,1.2,2.06,-320,360,530.0
936000060,11/14/2014,310000.0,5,1.75,2190,27260,1.0,4,7,2190,0.0,1947,98166,1620,39480,27460 days 14:04:55.987157,318,2.857142857142857,0.0,570,-12220,2190.0
9808650060,2/25/2015,1300000.0,3,2.0,2350,15021,1.0,4,8,1770,580.0,1976,98004,3530,15715,16868 days 14:04:55.987157,056,1.5,3.0517241379310347,-1180,-694,1190.0
3754700160,5/6/2014,397000.0,4,2.0,1440,7680,1.0,3,7,1200,240.0,1971,98034,1460,9660,18694 days 14:04:55.987157,126,2.0,5.0,-20,-1980,960.0
305500140,5/12/2015,365000.0,3,2.5,2200,4052,2.0,3,8,2200,0.0,2005,98058,2310,5082,6275 days 14:04:55.987157,132,1.2,0.0,-110,-1030,2200.0
5468750060,10/28/2014,328500.0,4,3.0,2290,8250,2.0,3,9,2290,0.0,1990,98042,2290,8250,11754 days 14:04:55.987157,301,1.3333333333333333,0.0,0,0,2290.0
2944010240,9/8/2014,988000.0,4,3.0,4040,19700,2.0,3,1,4040,0.0,1987,98052,3930,21887,12850 days 14:04:55.988155,251,1.3333333333333333,0.0,110,-2187,4040.0
3454000060,7/22/2014,1000000.0,4,2.5,2610,3277,1.5,5,8,1920,690.0,1922,98103,1810,3277,36591 days 14:04:55.988155,203,1.6,2.782608695652174,800,0,1230.0
646910160,9/3/2014,237000.0,3,2.5,1490,2138,2.0,3,7,1490,0.0,2005,98055,1490,2094,6275 days 14:04:55.988155,246,1.2,0.0,0,44,1490.0
8564950390,9/19/2014,525000.0,4,2.5,2450,5280,2.0,3,8,2450,0.0,2003,98011,2300,4674,7006 days 14:04:55.988155,262,1.6,0.0,150,606,2450.0
2268400350,9/16/2014,749000.0,4,2.5,1710,9627,1.0,3,9,1440,270.0,1976,98006,2140,9131,16868 days 14:04:55.988155,259,1.6,5.333333333333333,-430,496,1170.0
7504101040,8/21/2014,722500.0,5,2.5,4870,11800,2.0,3,1,3470,1400.0,1983,98074,3180,11398,14311 days 14:04:55.988155,233,2.0,2.4785714285714286,1690,402,2070.0
11500890,3/12/2015,843000.0,3,2.5,3130,8750,2.0,3,1,3130,0.0,1991,98052,2860,9003,11389 days 14:04:55.988155,071,1.2,0.0,270,-253,3130.0
9528102772,7/8/2014,438000.0,2,2.0,1270,1372,3.0,3,8,1270,0.0,2000,98115,1610,3090,8102 days 14:04:55.988155,189,1.0,0.0,-340,-1718,1270.0
284000223,9/16/2014,578000.0,3,1.75,2120,10875,1.0,3,8,1540,580.0,1977,98146,2460,11760,16502 days 14:04:55.988155,259,1.7142857142857142,2.6551724137931036,-340,-885,960.0
3353401710,9/23/2014,227950.0,3,1.5,1670,8230,1.0,5,7,1670,0.0,1954,98001,2077,4910,24903 days 14:04:55.988155,266,2.0,0.0,-407,3320,1670.0
8159610030,7/22/2014,196000.0,3,2.25,2070,11576,2.0,3,7,2070,0.0,1974,98001,1890,7519,17598 days 14:04:55.988155,203,1.3333333333333333,0.0,180,4057,2070.0
3179100435,7/15/2014,641000.0,2,1.0,1420,5332,1.0,3,8,1070,350.0,1953,98105,2400,5406,25268 days 14:04:55.988155,196,2.0,3.057142857142857,-980,-74,720.0
822079033,4/22/2015,350000.0,3,1.5,1250,219978,1.0,4,6,1250,0.0,1980,98038,1930,210394,15407 days 14:04:55.988155,112,2.0,0.0,-680,9584,1250.0
8857600960,8/19/2014,205000.0,3,1.0,940,7980,1.0,4,7,940,0.0,1960,98032,1150,8050,22712 days 14:04:55.988155,231,3.0,0.0,-210,-70,940.0
1774000200,12/2/2014,400000.0,3,1.75,1920,9102,1.0,3,7,1920,0.0,1968,98072,1920,9760,19790 days 14:04:55.989152,336,1.7142857142857142,0.0,0,-658,1920.0
2024069128,11/10/2014,1030000.0,3,2.5,3545,9816,1.0,3,1,2610,935.0,2005,98027,3630,7704,6275 days 14:04:55.989152,314,1.2,2.7914438502673797,-85,2112,1675.0
1049010390,3/19/2015,505000.0,3,2.0,1260,5460,1.0,3,7,1260,0.0,1972,98034,1510,5460,18329 days 14:04:55.989152,078,1.5,0.0,-250,0,1260.0
7905370390,10/9/2014,475000.0,5,2.5,2340,7200,1.0,3,7,1300,1040.0,1975,98034,1930,7221,17233 days 14:04:55.989152,282,2.0,1.25,410,-21,260.0
4140090240,11/5/2014,520000.0,3,2.25,2590,9263,1.0,5,8,1440,1150.0,1977,98028,2580,9450,16502 days 14:04:55.989152,309,1.3333333333333333,1.2521739130434784,10,-187,290.0
4055700030,5/2/2015,1450000.0,3,4.5,3970,24920,2.0,3,1,3260,710.0,1977,98034,2610,13838,16502 days 14:04:55.989152,122,0.6666666666666666,4.591549295774648,1360,11082,2550.0
3775300030,12/31/2014,333500.0,3,1.75,1220,9732,1.0,3,7,1220,0.0,1965,98011,1630,10007,20885 days 14:04:55.989152,365,1.7142857142857142,0.0,-410,-275,1220.0
2525300030,2/22/2015,232000.0,3,1.0,1400,10403,1.0,4,6,1400,0.0,1976,98038,1230,10209,16868 days 14:04:55.989152,053,3.0,0.0,170,194,1400.0
1324059104,4/21/2015,691100.0,3,2.75,2360,16117,1.0,4,8,1710,650.0,1983,98006,2120,16117,14311 days 14:04:55.989152,111,1.0909090909090908,2.6307692307692307,240,0,1060.0
2287000030,10/14/2014,811000.0,3,1.75,1870,9897,1.0,4,8,1870,0.0,1960,98040,1900,10005,22712 days 14:04:55.989152,287,1.7142857142857142,0.0,-30,-108,1870.0
7702010030,5/20/2014,551000.0,3,2.5,2830,5802,2.0,3,9,2830,0.0,2001,98028,2500,5788,7736 days 14:04:55.989152,140,1.2,0.0,330,14,2830.0
1529200340,1/8/2015,496500.0,3,2.5,2260,3640,2.0,3,8,2260,0.0,1994,98072,2350,3710,10293 days 14:04:55.989152,008,1.2,0.0,-90,-70,2260.0
2122039094,11/26/2014,705000.0,3,3.0,1970,20978,2.0,4,9,1770,200.0,1980,98070,2280,75396,15407 days 14:04:55.989152,330,1.0,8.85,-310,-54418,1570.0
1742800030,6/12/2014,578000.0,4,2.5,3140,9225,1.0,5,9,1770,1370.0,1966,98055,2460,9600,20520 days 14:04:55.989152,163,1.6,1.2919708029197081,680,-375,400.0
1796360350,1/28/2015,255000.0,3,1.75,1240,8659,1.0,5,7,1240,0.0,1986,98042,1490,8223,13215 days 14:04:55.989152,028,1.7142857142857142,0.0,-250,436,1240.0
6154500070,6/26/2014,1050000.0,4,3.5,3450,7832,2.0,3,1,3450,0.0,2007,98006,3220,8567,5545 days 14:04:55.989152,177,1.1428571428571428,0.0,230,-735,3450.0
1843100340,3/5/2015,348000.0,3,2.25,2570,8491,2.0,4,8,2570,0.0,1989,98042,2400,8049,12119 days 14:04:55.989152,064,1.3333333333333333,0.0,170,442,2570.0
8944290160,11/4/2014,230000.0,3,2.0,1510,3413,2.0,3,7,1510,0.0,1985,98031,1570,3777,13580 days 14:04:55.989152,308,1.5,0.0,-60,-364,1510.0
4166600473,12/9/2014,359500.0,4,2.25,2390,11250,2.0,3,9,2390,0.0,1988,98023,2480,11250,12485 days 14:04:55.989152,343,1.7777777777777777,0.0,-90,0,2390.0
7282300125,11/12/2014,330000.0,3,1.0,980,7000,1.0,3,6,980,0.0,1953,98133,1220,7000,25268 days 14:04:55.989152,316,3.0,0.0,-240,0,980.0
8658300340,5/23/2014,80000.0,1,0.75,430,5050,1.0,2,4,430,0.0,1912,98014,1200,7500,40244 days 14:04:55.989152,143,1.3333333333333333,0.0,-770,-2450,430.0
2419600075,12/1/2014,465000.0,3,1.75,1480,6360,1.0,3,7,1480,0.0,1954,98133,1480,6360,24903 days 14:04:55.989152,335,1.7142857142857142,0.0,0,0,1480.0
2621760350,10/15/2014,325000.0,4,2.5,1850,7324,2.0,3,8,1850,0.0,1997,98042,2100,7329,9197 days 14:04:55.989152,288,1.6,0.0,-250,-5,1850.0
1723049270,1/7/2015,340500.0,3,2.0,2270,28025,1.0,4,7,1920,350.0,1947,98168,1770,14833,27460 days 14:04:55.989152,007,1.5,5.485714285714286,500,13192,1570.0
4123840310,1/6/2015,342500.0,3,2.5,1810,5192,2.0,3,8,1810,0.0,1993,98038,1810,6200,10658 days 14:04:55.989152,006,1.2,0.0,0,-1008,1810.0
2172000075,6/23/2014,290900.0,2,2.0,1610,17600,2.0,3,6,1610,0.0,1930,98178,1310,12950,33669 days 14:04:55.989152,174,1.0,0.0,300,4650,1610.0
8651611170,2/13/2015,868700.0,3,4.25,3840,6161,2.0,3,1,3840,0.0,2000,98074,3230,7709,8102 days 14:04:55.989152,044,0.7058823529411765,0.0,610,-1548,3840.0
8820902200,11/13/2014,1200000.0,4,2.75,4110,8400,2.0,3,9,3130,980.0,1928,98125,2820,8400,34400 days 14:04:55.989152,317,1.4545454545454546,3.193877551020408,1290,0,2150.0
8651610890,10/14/2014,1150000.0,4,3.25,4190,10259,2.0,3,1,3150,1040.0,2000,98074,4300,11919,8102 days 14:04:55.989152,287,1.2307692307692308,3.0288461538461537,-110,-1660,2110.0
1853080570,8/11/2014,859900.0,4,2.75,3390,6298,2.0,3,9,3390,0.0,2011,98074,3390,7111,4084 days 14:04:55.989152,223,1.4545454545454546,0.0,0,-813,3390.0
3629920030,8/8/2014,520000.0,4,2.25,1890,3006,2.0,3,7,1890,0.0,2003,98029,1580,3000,7006 days 14:04:55.989152,220,1.7777777777777777,0.0,310,6,1890.0
1604602050,7/11/2014,460000.0,3,2.5,1610,2527,2.0,3,9,1080,530.0,2005,98118,1610,4173,6275 days 14:04:55.989152,192,1.2,2.0377358490566038,0,-1646,550.0
6844700810,9/1/2014,438924.0,3,1.5,1050,4590,1.0,3,7,850,200.0,1949,98115,1770,5400,26729 days 14:04:55.989152,244,2.0,4.25,-720,-810,650.0
66000070,4/6/2015,315000.0,2,1.0,630,6550,1.0,3,5,630,0.0,1918,98126,1420,6550,38052 days 14:04:55.989152,096,2.0,0.0,-790,0,630.0
6665800030,7/18/2014,590000.0,4,2.75,2910,10650,1.0,3,8,1780,1130.0,1975,98033,2920,10988,17233 days 14:04:55.989152,199,1.4545454545454546,1.575221238938053,-10,-338,650.0
2205700350,11/4/2014,378500.0,4,1.75,1700,8640,1.0,3,7,850,850.0,1955,98006,1620,9000,24538 days 14:04:55.989152,308,2.2857142857142856,1.0,80,-360,0.0
5466000030,6/3/2014,328500.0,3,2.5,1950,8130,2.0,4,9,1950,0.0,1990,98042,2350,7691,11754 days 14:04:55.989152,154,1.2,0.0,-400,439,1950.0
6189200125,3/25/2015,849950.0,3,3.0,2990,9773,2.0,4,8,2990,0.0,1973,98005,2230,11553,17963 days 14:04:55.989152,084,1.0,0.0,760,-1780,2990.0
9169600135,10/27/2014,525000.0,3,1.5,1350,6000,1.0,3,7,900,450.0,1950,98136,1730,6012,26364 days 14:04:55.989152,300,2.0,2.0,-380,-12,450.0
2625069070,4/10/2015,1390000.0,4,3.25,4860,181319,2.5,3,9,4860,0.0,1993,98074,3850,181319,10658 days 14:04:55.989152,100,1.2307692307692308,0.0,1010,0,4860.0
8732131090,4/28/2015,295000.0,4,2.5,2160,7725,1.0,4,8,1460,700.0,1978,98023,2060,8250,16137 days 14:04:55.989152,118,1.6,2.085714285714286,100,-525,760.0
9286000240,7/11/2014,1070000.0,6,3.5,4860,11793,2.0,3,1,3860,1000.0,1998,98006,3600,11793,8832 days 14:04:55.989152,192,1.7142857142857142,3.86,1260,0,2860.0
1895000260,7/21/2014,207950.0,2,2.0,890,5000,1.0,3,6,890,0.0,1917,98118,1860,5000,38417 days 14:04:55.989152,202,1.0,0.0,-970,0,890.0
8691370400,12/16/2014,699900.0,4,2.75,2810,7302,2.0,3,9,2810,0.0,2002,98075,2820,7302,7371 days 14:04:55.989152,350,1.4545454545454546,0.0,-10,0,2810.0
5423010350,2/10/2015,1280000.0,5,2.5,3400,9500,2.0,4,8,3400,0.0,1977,98027,3080,11081,16502 days 14:04:55.989152,041,2.0,0.0,320,-1581,3400.0
8562501040,11/20/2014,452000.0,4,1.5,1580,7350,1.0,4,7,960,620.0,1963,98052,1560,7350,21616 days 14:04:55.989152,324,2.6666666666666665,1.5483870967741935,20,0,340.0
2475200140,2/5/2015,370000.0,3,2.0,1680,5036,1.0,4,7,1680,0.0,1987,98055,1680,4921,12850 days 14:04:55.989152,036,1.5,0.0,0,115,1680.0
7942100310,1/27/2015,232000.0,3,1.75,1300,11230,1.0,5,7,1300,0.0,1968,98042,1300,10794,19790 days 14:04:55.989152,027,1.7142857142857142,0.0,0,436,1300.0
3760000030,10/30/2014,669950.0,5,2.5,2820,14062,2.0,4,7,2380,440.0,1960,98034,1910,10392,22712 days 14:04:55.989152,303,2.0,5.409090909090909,910,3670,1940.0
1727500340,6/14/2014,397500.0,3,2.0,1510,6710,1.0,3,7,1070,440.0,1972,98034,1660,6600,18329 days 14:04:55.989152,165,1.5,2.4318181818181817,-150,110,630.0
9828702519,5/12/2014,490000.0,2,2.5,1230,1391,2.0,3,8,870,360.0,2004,98112,1240,1350,6641 days 14:04:55.989152,132,0.8,2.4166666666666665,-10,41,510.0
4432600075,1/28/2015,725000.0,4,2.0,2110,4140,2.0,3,9,1710,400.0,1925,98116,1440,4420,35495 days 14:04:55.989152,028,2.0,4.275,670,-280,1310.0
7806300030,9/17/2014,299000.0,3,2.75,3080,19635,1.0,4,7,1610,1470.0,1958,98032,2424,12410,23442 days 14:04:55.989152,260,1.0909090909090908,1.0952380952380953,656,7225,140.0
9274202270,8/18/2014,625000.0,2,1.5,1490,5750,1.5,4,7,1190,300.0,1900,98116,1590,4025,44626 days 14:04:55.989152,230,1.3333333333333333,3.966666666666667,-100,1725,890.0
7852030960,11/6/2014,437500.0,3,2.5,2120,4500,2.0,3,7,2120,0.0,2000,98065,2530,4816,8102 days 14:04:55.989152,310,1.2,0.0,-410,-316,2120.0
7852170140,5/10/2015,650000.0,4,2.5,3180,5438,2.0,3,9,3180,0.0,2003,98065,3030,5335,7006 days 14:04:55.989152,130,1.6,0.0,150,103,3180.0
7518503335,5/19/2014,475000.0,2,1.0,1490,3825,1.0,3,7,860,630.0,1929,98117,1460,3825,34034 days 14:04:55.989152,139,2.0,1.3650793650793651,30,0,230.0
5467900070,5/2/2014,342000.0,3,2.0,1930,11947,1.0,4,8,1930,0.0,1966,98042,2200,12825,20520 days 14:04:55.989152,122,1.5,0.0,-270,-878,1930.0
1245002952,10/15/2014,1200000.0,4,2.5,2770,7800,2.0,3,1,2770,0.0,1999,98033,2720,10000,8467 days 14:04:55.989152,288,1.6,0.0,50,-2200,2770.0
8906200070,2/10/2015,280000.0,3,1.5,1670,11610,1.0,4,7,1670,0.0,1963,98055,1930,10200,21616 days 14:04:55.989152,041,2.0,0.0,-260,1410,1670.0
5379805885,5/21/2014,240000.0,2,1.75,1330,7200,1.0,3,7,1330,0.0,1993,98188,1450,11682,10658 days 14:04:55.989152,141,1.1428571428571428,0.0,-120,-4482,1330.0
2769600560,5/27/2014,529000.0,3,1.0,1210,3328,1.5,4,7,1210,0.0,1924,98107,1640,3333,35861 days 14:04:55.989152,147,3.0,0.0,-430,-5,1210.0
9238901420,2/2/2015,442000.0,3,1.0,1190,5100,1.0,4,7,1030,160.0,1941,98136,1690,5100,29651 days 14:04:55.989152,033,3.0,6.4375,-500,0,870.0
3885805665,6/12/2014,1490000.0,4,3.75,4030,10800,2.0,3,1,4030,0.0,2006,98033,2160,7200,5910 days 14:04:55.989152,163,1.0666666666666667,0.0,1870,3600,4030.0
8121200810,5/5/2015,585000.0,4,1.75,2430,7559,1.0,4,8,1580,850.0,1981,98052,1980,8750,15041 days 14:04:55.989152,125,2.2857142857142856,1.8588235294117648,450,-1191,730.0
5126310400,3/5/2015,480000.0,4,2.5,2600,7787,2.0,3,8,2600,0.0,2005,98059,2830,7787,6275 days 14:04:55.989152,064,1.6,0.0,-230,0,2600.0
7322910030,7/21/2014,1100000.0,5,3.5,4410,57063,2.0,4,9,4410,0.0,1990,98053,2900,50529,11754 days 14:04:55.989152,202,1.4285714285714286,0.0,1510,6534,4410.0
2827100070,11/5/2014,290000.0,4,1.0,1330,8184,1.5,3,7,1330,0.0,1949,98133,1220,660,26729 days 14:04:55.989152,309,4.0,0.0,110,7524,1330.0
9276201895,8/20/2014,615000.0,3,1.75,1900,5000,1.0,5,7,950,950.0,1951,98116,1770,5000,25999 days 14:04:55.989152,232,1.7142857142857142,1.0,130,0,0.0
4402700070,3/11/2015,300000.0,2,1.0,1100,7680,1.0,4,7,1100,0.0,1950,98133,1460,7680,26364 days 14:04:55.989152,070,2.0,0.0,-360,0,1100.0
1922059046,10/29/2014,308000.0,3,1.0,1980,39150,1.5,3,6,1580,400.0,1932,98030,1860,11811,32939 days 14:04:55.989152,302,3.0,3.95,120,27339,1180.0
925059288,5/7/2015,750000.0,3,2.5,2400,7745,2.0,3,9,2400,0.0,2001,98033,2080,8615,7736 days 14:04:55.989152,127,1.2,0.0,320,-870,2400.0
4386700135,11/14/2014,2250000.0,4,2.25,4760,8036,2.5,5,9,3390,1370.0,1916,98112,2950,9323,38783 days 14:04:55.989152,318,1.7777777777777777,2.4744525547445257,1810,-1287,2020.0
1923069078,8/5/2014,890000.0,4,3.25,3180,194278,2.0,3,1,3180,0.0,2005,98059,2200,178160,6275 days 14:04:55.989152,217,1.2307692307692308,0.0,980,16118,3180.0
1432400335,3/25/2015,288000.0,3,1.0,1190,7560,1.0,5,6,1190,0.0,1958,98058,1190,7560,23442 days 14:04:55.989152,084,3.0,0.0,0,0,1190.0
1180003090,9/6/2014,190000.0,2,1.0,630,6000,1.0,3,6,630,0.0,1943,98178,1470,6840,28921 days 14:04:55.989152,249,2.0,0.0,-840,-840,630.0
726049331,3/26/2015,515000.0,5,3.0,2530,5105,1.0,3,8,1520,1010.0,2005,98133,2290,4011,6275 days 14:04:55.989152,085,1.6666666666666667,1.504950495049505,240,1094,510.0
3340401555,11/5/2014,235000.0,4,1.5,1690,11054,1.0,4,5,1690,0.0,1930,98055,1690,9040,33669 days 14:04:55.989152,309,2.6666666666666665,0.0,0,2014,1690.0
7453000070,8/18/2014,275000.0,2,1.0,940,5000,1.0,3,6,940,0.0,1951,98126,940,5000,25999 days 14:04:55.989152,230,2.0,0.0,0,0,940.0
4348800030,11/21/2014,727500.0,2,2.0,1240,9119,1.0,4,7,1240,0.0,1952,98004,1380,9121,25634 days 14:04:55.989152,325,1.0,0.0,-140,-2,1240.0
7202331420,6/20/2014,650000.0,4,2.5,3040,6587,2.0,3,7,3040,0.0,2003,98053,2740,6587,7006 days 14:04:55.989152,171,1.6,0.0,300,0,3040.0
3225079035,6/18/2014,1600000.0,6,5.0,6050,230652,2.0,3,1,6050,0.0,2001,98024,4210,233971,7736 days 14:04:55.989152,169,1.2,0.0,1840,-3319,6050.0
6381500700,11/5/2014,365000.0,4,1.0,1590,7085,1.5,3,6,1590,0.0,1944,98125,1320,7085,28556 days 14:04:55.989152,309,4.0,0.0,270,0,1590.0
339500160,10/8/2014,662000.0,3,1.75,2500,36947,1.0,3,9,2500,0.0,1984,98052,2590,28837,13946 days 14:04:55.989152,281,1.7142857142857142,0.0,-90,8110,2500.0
1545807610,4/29/2015,270500.0,3,2.5,1780,7848,1.0,3,7,1320,460.0,1978,98038,1680,7848,16137 days 14:04:55.989152,119,1.2,2.869565217391304,100,0,860.0
1843200240,5/5/2015,200000.0,2,1.5,1360,1898,2.0,3,7,1360,0.0,1978,98092,1360,1898,16137 days 14:04:55.989152,125,1.3333333333333333,0.0,0,0,1360.0
4403600270,2/24/2015,970000.0,4,3.25,4740,76230,2.0,3,1,4740,0.0,1987,98075,3340,49206,12850 days 14:04:55.989152,055,1.2307692307692308,0.0,1400,27024,4740.0
2008200060,6/24/2014,160000.0,3,1.5,1010,9600,1.0,4,7,1010,0.0,1962,98198,1400,9660,21981 days 14:04:55.989152,175,2.0,0.0,-390,-60,1010.0
1521069070,2/18/2015,204000.0,3,1.0,1040,7405,1.0,4,6,1040,0.0,1971,98010,1580,7405,18694 days 14:04:55.989152,049,3.0,0.0,-540,0,1040.0
2459500310,2/18/2015,358000.0,3,2.25,1610,6655,2.0,4,7,1610,0.0,1985,98058,1780,7529,13580 days 14:04:55.989152,049,1.3333333333333333,0.0,-170,-874,1610.0
6204420070,5/1/2015,452000.0,4,1.75,1570,8268,1.0,3,7,1570,0.0,1979,98011,1870,8190,15772 days 14:04:55.989152,121,2.2857142857142856,0.0,-300,78,1570.0
5694500105,12/4/2014,595000.0,2,2.0,1510,4000,1.0,4,7,1010,500.0,1900,98103,1920,4000,44626 days 14:04:55.989152,338,1.0,2.02,-410,0,510.0
5466410030,4/10/2015,249000.0,3,2.0,1360,6082,1.0,3,7,1360,0.0,1994,98042,1360,6987,10293 days 14:04:55.989152,100,1.5,0.0,0,-905,1360.0
9485740340,3/10/2015,346900.0,4,2.5,1970,5106,2.0,3,8,1970,0.0,1999,98055,2230,5109,8467 days 14:04:55.989152,069,1.6,0.0,-260,-3,1970.0
622049114,2/18/2015,2130000.0,3,2.5,5403,24069,2.0,4,1,5403,0.0,1976,98166,3980,104374,16868 days 14:04:55.989152,049,1.2,0.0,1423,-80305,5403.0
2270000070,10/30/2014,280000.0,4,2.5,1560,4350,2.0,3,7,1560,0.0,2003,98056,1560,4350,7006 days 14:04:55.989152,303,1.6,0.0,0,0,1560.0
1310900260,10/13/2014,318888.0,4,1.75,2320,12000,1.0,4,8,2270,50.0,1973,98032,2120,9880,17963 days 14:04:55.989152,286,2.2857142857142856,45.4,200,2120,2220.0
224069094,9/11/2014,530000.0,3,2.25,2120,40518,1.0,3,8,2120,0.0,1967,98075,2480,13492,20155 days 14:04:55.989152,254,1.3333333333333333,0.0,-360,27026,2120.0
7800800160,11/21/2014,375000.0,3,2.25,2120,18500,2.0,4,8,2120,0.0,1983,98031,2120,14479,14311 days 14:04:55.989152,325,1.3333333333333333,0.0,0,4021,2120.0
2944000240,4/22/2015,910000.0,4,2.5,3350,29242,2.0,3,1,3350,0.0,1988,98052,3920,24728,12485 days 14:04:55.989152,112,1.6,0.0,-570,4514,3350.0
4139400710,5/23/2014,782000.0,4,2.5,2380,9614,2.0,4,1,2380,0.0,1991,98006,2560,9770,11389 days 14:04:55.989152,143,1.6,0.0,-180,-156,2380.0
7899800860,3/19/2015,259950.0,2,2.0,1070,649,2.0,3,9,720,350.0,2008,98106,1070,928,5180 days 14:04:55.989152,078,1.0,2.057142857142857,0,-279,370.0
2473420140,9/23/2014,315000.0,4,2.75,2300,18360,1.0,4,7,1560,740.0,1979,98058,1870,9588,15772 days 14:04:55.989152,266,1.4545454545454546,2.108108108108108,430,8772,820.0
5000500055,5/28/2014,215000.0,2,1.0,1320,8865,1.0,4,6,1320,0.0,1943,98168,1190,6490,28921 days 14:04:55.989152,148,2.0,0.0,130,2375,1320.0
4099500935,7/23/2014,705000.0,3,1.75,2180,10221,1.0,4,7,1140,1040.0,1946,98040,2180,8535,27825 days 14:04:55.989152,204,1.7142857142857142,1.0961538461538463,0,1686,100.0
1373800295,10/13/2014,1450000.0,3,3.0,4380,6320,2.0,5,1,3580,800.0,1952,98199,3080,7680,25634 days 14:04:55.989152,286,1.0,4.475,1300,-1360,2780.0
4025300135,5/8/2015,451000.0,3,1.75,1790,9813,2.0,3,7,1790,0.0,1949,98155,1520,10125,26729 days 14:04:55.989152,128,1.7142857142857142,0.0,270,-312,1790.0
3294700310,9/2/2014,261000.0,2,1.0,750,8125,1.0,4,6,750,0.0,1943,98055,1340,8750,28921 days 14:04:55.989152,245,2.0,0.0,-590,-625,750.0
8718500075,11/17/2014,396000.0,3,1.5,1300,8280,1.0,5,7,1300,0.0,1956,98028,1570,8692,24173 days 14:04:55.989152,321,2.0,0.0,-270,-412,1300.0
4309710240,7/22/2014,725000.0,4,2.5,2990,29170,2.0,3,9,2990,0.0,1999,98059,3715,29170,8467 days 14:04:55.989152,203,1.6,0.0,-725,0,2990.0
5486800070,6/20/2014,1950000.0,7,3.5,4640,15235,2.0,3,1,2860,1780.0,1965,98040,3230,20697,20885 days 14:04:55.989152,171,2.0,1.6067415730337078,1410,-5462,1080.0
236400320,7/15/2014,238000.0,4,1.0,1400,7242,1.5,3,7,1400,0.0,1959,98188,1310,7314,23077 days 14:04:55.989152,196,4.0,0.0,90,-72,1400.0
4376700570,4/27/2015,750000.0,6,1.75,2750,9563,2.0,4,8,2750,0.0,1973,98052,2040,9563,17963 days 14:04:55.989152,117,3.4285714285714284,0.0,710,0,2750.0
8648100200,10/27/2014,331500.0,4,2.5,2050,10271,2.0,3,7,2050,0.0,1998,98042,2050,8103,8832 days 14:04:55.989152,300,1.6,0.0,0,2168,2050.0
3624079046,10/28/2014,460000.0,4,3.0,2230,108900,1.0,3,7,1410,820.0,1978,98065,1960,65340,16137 days 14:04:55.989152,301,1.3333333333333333,1.7195121951219512,270,43560,590.0
1921069084,7/7/2014,404950.0,4,2.25,2340,217014,1.0,4,8,2340,0.0,1982,98092,2340,107898,14676 days 14:04:55.989152,188,1.7777777777777777,0.0,0,109116,2340.0
6431500140,12/17/2014,880000.0,3,2.5,2870,5163,2.0,3,9,2870,0.0,2014,98103,1630,7995,2988 days 14:04:55.989152,351,1.2,0.0,1240,-2832,2870.0
2725069050,6/13/2014,863000.0,4,2.5,4120,22370,2.0,3,1,4120,0.0,1997,98074,3180,7257,9197 days 14:04:55.989152,164,1.6,0.0,940,15113,4120.0
5307100060,12/16/2014,638700.0,3,1.75,2080,9162,1.0,3,7,1370,710.0,1960,98005,1870,8944,22712 days 14:04:55.989152,350,1.7142857142857142,1.9295774647887325,210,218,660.0
7203102050,7/28/2014,435000.0,3,2.5,1840,5680,2.0,3,7,1840,0.0,2008,98053,1600,4697,5180 days 14:04:55.989152,209,1.2,0.0,240,983,1840.0
561000075,12/31/2014,260000.0,3,1.0,1180,5350,1.5,4,6,1180,0.0,1959,98178,1490,5350,23077 days 14:04:55.989152,365,3.0,0.0,-310,0,1180.0
2436701180,8/14/2014,671500.0,5,2.75,2160,4000,1.5,5,7,1530,630.0,1927,98105,2040,4000,34765 days 14:04:55.989152,226,1.8181818181818181,2.4285714285714284,120,0,900.0
809002765,10/22/2014,610000.0,3,1.0,1180,3400,1.5,3,8,1180,0.0,1907,98109,1440,3400,42070 days 14:04:55.989152,295,3.0,0.0,-260,0,1180.0
4045500710,12/18/2014,405000.0,2,0.75,1160,15029,1.0,4,6,870,290.0,1937,98014,1870,25346,31112 days 14:04:55.989152,352,2.6666666666666665,3.0,-710,-10317,580.0
5104510270,7/18/2014,338900.0,4,2.5,1830,5612,2.0,3,7,1830,0.0,2003,98038,1830,5998,7006 days 14:04:55.989152,199,1.6,0.0,0,-386,1830.0
98020350,1/23/2015,720000.0,4,4.0,3200,7708,2.0,3,1,3200,0.0,2004,98075,3480,7944,6641 days 14:04:55.989152,023,1.0,0.0,-280,-236,3200.0
1714900060,4/24/2015,442000.0,5,3.0,2560,5445,1.5,4,7,1760,800.0,1927,98108,1080,5445,34765 days 14:04:55.989152,114,1.6666666666666667,2.2,1480,0,960.0
1189000030,6/3/2014,650000.0,5,2.75,2550,5040,1.5,5,8,2550,0.0,1902,98122,1590,3840,43896 days 14:04:55.989152,154,1.8181818181818181,0.0,960,1200,2550.0
2473360060,1/2/2015,263500.0,3,1.75,1330,9917,1.0,3,7,1040,290.0,1981,98058,1330,9081,15041 days 14:04:55.989152,002,1.7142857142857142,3.586206896551724,0,836,750.0
222069082,12/17/2014,300000.0,2,1.0,1220,75794,1.0,4,7,1220,0.0,1963,98038,2010,98010,21616 days 14:04:55.989152,351,2.0,0.0,-790,-22216,1220.0
8669160310,12/9/2014,266000.0,3,2.5,1805,3402,2.0,3,7,1805,0.0,2009,98002,2095,3402,4814 days 14:04:55.989152,343,1.2,0.0,-290,0,1805.0
1526069135,12/11/2014,930000.0,4,4.0,6050,84942,2.5,3,9,4150,1900.0,2009,98077,2700,199504,4814 days 14:04:55.989152,345,1.0,2.1842105263157894,3350,-114562,2250.0
1088650310,1/27/2015,530000.0,4,2.5,2320,5493,2.0,3,8,2320,0.0,2004,98028,2450,5471,6641 days 14:04:55.989152,027,1.6,0.0,-130,22,2320.0
8945200860,12/11/2014,180000.0,3,1.0,1384,8960,1.0,4,6,1384,0.0,1965,98023,1000,8470,20885 days 14:04:55.989152,345,3.0,0.0,384,490,1384.0
7853240200,5/16/2014,619000.0,3,2.5,2720,6439,2.0,3,9,2720,0.0,2005,98065,3180,7320,6275 days 14:04:55.989152,136,1.2,0.0,-460,-881,2720.0
7511800070,8/21/2014,264000.0,3,1.5,1820,10608,1.0,4,7,1820,0.0,1962,98003,1380,8976,21981 days 14:04:55.989152,233,2.0,0.0,440,1632,1820.0
2998800125,7/1/2014,730000.0,2,2.25,2130,4920,1.5,4,7,1530,600.0,1941,98116,2130,4920,29651 days 14:04:55.989152,182,0.8888888888888888,2.55,0,0,930.0
3876300310,10/22/2014,439000.0,4,2.25,2060,10070,2.0,3,7,2060,0.0,1975,98034,2060,8155,17233 days 14:04:55.989152,295,1.7777777777777777,0.0,0,1915,2060.0
5419800510,11/17/2014,268500.0,4,1.75,1420,7500,1.0,4,7,1080,340.0,1981,98031,1500,7260,15041 days 14:04:55.989152,321,2.2857142857142856,3.176470588235294,-80,240,740.0
192460060,7/15/2014,330000.0,3,1.75,1510,15744,1.0,3,7,1510,0.0,1985,98045,1470,15744,13580 days 14:04:55.989152,196,1.7142857142857142,0.0,40,0,1510.0
7942601895,8/19/2014,640000.0,3,2.5,2160,4000,1.5,3,8,1960,200.0,1903,98122,2160,5120,43531 days 14:04:55.990150,231,1.2,9.8,0,-1120,1760.0
7504010570,7/8/2014,900000.0,3,2.5,3180,12600,2.0,4,1,3180,0.0,1978,98074,3030,12835,16137 days 14:04:55.990150,189,1.2,0.0,150,-235,3180.0
1442740140,9/30/2014,370000.0,3,2.25,2110,13300,2.0,4,8,2110,0.0,1985,98038,2470,14000,13580 days 14:04:55.990150,273,1.3333333333333333,0.0,-360,-700,2110.0
6909200575,3/14/2015,685000.0,3,2.0,2060,2900,1.5,5,8,1330,730.0,1931,98144,1910,3900,33304 days 14:04:55.990150,073,1.5,1.821917808219178,150,-1000,600.0
2525069041,9/4/2014,505000.0,3,1.5,1830,217800,1.0,3,7,1010,820.0,1981,98053,2450,165963,15041 days 14:04:55.990150,247,2.0,1.2317073170731707,-620,51837,190.0
3620069036,10/21/2014,265000.0,3,1.75,1820,32666,1.0,4,7,1820,0.0,1966,98022,2050,43560,20520 days 14:04:55.990150,294,1.7142857142857142,0.0,-230,-10894,1820.0
2781280390,3/24/2015,290000.0,3,2.5,1610,2937,2.0,3,8,1610,0.0,2006,98055,1610,3049,5910 days 14:04:55.990150,083,1.2,0.0,0,-112,1610.0
9542830350,9/2/2014,296000.0,4,2.5,1780,3600,2.0,3,7,1780,0.0,2006,98038,2020,3802,5910 days 14:04:55.990150,245,1.6,0.0,-240,-202,1780.0
1123049053,2/13/2015,360000.0,4,2.5,1840,9611,2.0,3,7,1840,0.0,1996,98178,1830,8505,9563 days 14:04:55.990150,044,1.6,0.0,10,1106,1840.0
8018600765,6/4/2014,240500.0,3,1.75,1460,10584,1.0,3,7,990,470.0,1997,98168,1220,12012,9197 days 14:04:55.990150,155,1.7142857142857142,2.106382978723404,240,-1428,520.0
3278600240,7/22/2014,372500.0,2,2.5,1400,2958,2.0,3,8,1400,0.0,2007,98126,1540,2385,5545 days 14:04:55.990150,203,0.8,0.0,-140,573,1400.0
7846200070,10/2/2014,595000.0,3,2.5,3370,14402,2.0,3,9,3370,0.0,2004,98045,3330,9691,6641 days 14:04:55.990150,275,1.2,0.0,40,4711,3370.0
662310400,10/17/2014,515000.0,4,3.0,3590,8249,2.0,3,9,3590,0.0,1997,98023,2860,7995,9197 days 14:04:55.990150,290,1.3333333333333333,0.0,730,254,3590.0
8651100140,8/5/2014,1220000.0,4,2.25,3200,15367,2.0,4,9,3200,0.0,1962,98040,3070,15263,21981 days 14:04:55.990150,217,1.7777777777777777,0.0,130,104,3200.0
8682250350,10/9/2014,507000.0,2,1.75,1670,6460,1.0,3,8,1670,0.0,2004,98053,2170,6254,6641 days 14:04:55.990150,282,1.1428571428571428,0.0,-500,206,1670.0
3211230260,2/4/2015,399950.0,4,2.0,2420,31465,1.0,3,9,2420,0.0,1984,98092,2560,32186,13946 days 14:04:55.990150,035,2.0,0.0,-140,-721,2420.0
4233400340,8/20/2014,185000.0,3,1.75,1430,10816,2.0,3,7,1430,0.0,1994,98010,1560,10816,10293 days 14:04:55.990150,232,1.7142857142857142,0.0,-130,0,1430.0
7199350340,8/25/2014,460000.0,3,1.75,1440,7070,1.0,3,7,1440,0.0,1980,98052,1440,7210,15407 days 14:04:55.990150,237,1.7142857142857142,0.0,0,-140,1440.0
3904901710,2/24/2015,435500.0,3,2.25,1450,4789,2.0,3,7,1450,0.0,1985,98029,1560,4490,13580 days 14:04:55.990150,055,1.3333333333333333,0.0,-110,299,1450.0
240000058,4/8/2015,469000.0,4,2.75,3550,13938,1.0,5,8,2100,1450.0,1966,98188,2050,9000,20520 days 14:04:55.990150,098,1.4545454545454546,1.4482758620689655,1500,4938,650.0
6865200444,5/5/2014,531000.0,2,3.0,1270,1175,2.0,3,8,1110,160.0,2000,98103,1290,1800,8102 days 14:04:55.990150,125,0.6666666666666666,6.9375,-20,-625,950.0
9498200046,2/6/2015,443500.0,2,1.0,940,6804,1.0,3,7,940,0.0,1949,98177,1150,6930,26729 days 14:04:55.990150,037,2.0,0.0,-210,-126,940.0
1796380960,11/26/2014,223000.0,3,2.0,1670,6824,1.0,3,7,1300,370.0,1990,98042,1660,7586,11754 days 14:04:55.990150,330,1.5,3.5135135135135136,10,-762,930.0
5631500868,4/17/2015,590000.0,4,3.5,3100,15842,2.0,3,8,2400,700.0,1996,98028,2200,19400,9563 days 14:04:55.990150,107,1.1428571428571428,3.4285714285714284,900,-3558,1700.0
3126049411,12/9/2014,340000.0,2,2.5,1100,1760,3.0,3,7,1100,0.0,1997,98103,1200,1415,9197 days 14:04:55.990150,343,0.8,0.0,-100,345,1100.0
2321300390,11/5/2014,650000.0,3,2.0,1870,3388,1.0,4,8,1230,640.0,1925,98199,1780,4050,35495 days 14:04:55.990150,309,1.5,1.921875,90,-662,590.0
3905040800,9/25/2014,533600.0,3,2.5,1930,5080,2.0,4,8,1930,0.0,1990,98029,2190,5085,11754 days 14:04:55.990150,268,1.2,0.0,-260,-5,1930.0
4379400260,6/10/2014,695000.0,3,2.75,2540,4694,2.0,3,9,2540,0.0,2005,98074,2600,6344,6275 days 14:04:55.990150,161,1.0909090909090908,0.0,-60,-1650,2540.0
5115000160,6/17/2014,242000.0,3,1.75,1280,7524,1.5,4,7,1280,0.0,1988,98031,1500,7777,12485 days 14:04:55.990150,168,1.7142857142857142,0.0,-220,-253,1280.0
2826049234,1/14/2015,425000.0,3,2.25,1820,8814,1.0,3,7,1280,540.0,1967,98125,1810,7515,20155 days 14:04:55.990150,014,1.3333333333333333,2.3703703703703702,10,1299,740.0
6600700030,5/6/2015,525000.0,3,2.25,1490,9414,2.0,3,7,1490,0.0,1981,98052,1290,10125,15041 days 14:04:55.990150,126,1.3333333333333333,0.0,200,-711,1490.0
3904930240,9/22/2014,485000.0,3,2.5,1880,5502,2.0,3,8,1880,0.0,1988,98029,2040,5411,12485 days 14:04:55.990150,265,1.2,0.0,-160,91,1880.0
9407110700,1/13/2015,175000.0,3,1.0,1250,9775,1.0,3,7,1250,0.0,1971,98045,1390,9650,18694 days 14:04:55.990150,013,3.0,0.0,-140,125,1250.0
1682500160,6/19/2014,210000.0,3,2.0,1440,7210,1.0,3,8,1440,0.0,1983,98092,1700,7245,14311 days 14:04:55.990150,170,1.5,0.0,-260,-35,1440.0
8078570390,4/15/2015,260000.0,3,2.5,1920,7415,2.0,3,7,1920,0.0,1989,98031,1930,7536,12119 days 14:04:55.990150,105,1.2,0.0,-10,-121,1920.0
3010300240,6/23/2014,577000.0,3,2.5,2060,5750,1.0,3,7,1330,730.0,1976,98116,1920,5750,16868 days 14:04:55.990150,174,1.2,1.821917808219178,140,0,600.0
9500900135,10/21/2014,200000.0,3,1.5,1210,10588,1.0,4,7,1210,0.0,1958,98002,1408,10588,23442 days 14:04:55.990150,294,2.0,0.0,-198,0,1210.0
461001615,2/25/2015,605000.0,2,1.75,1760,5000,1.0,4,7,940,820.0,1927,98117,1530,5000,34765 days 14:04:55.990150,056,1.1428571428571428,1.146341463414634,230,0,120.0
6411600069,5/21/2014,325000.0,3,1.0,990,6750,1.0,4,6,990,0.0,1947,98133,1440,6860,27460 days 14:04:55.990150,141,3.0,0.0,-450,-110,990.0
7812800565,8/14/2014,289500.0,3,1.0,960,6400,1.0,4,6,820,140.0,1944,98178,1200,6600,28556 days 14:04:55.990150,226,3.0,5.857142857142857,-240,-200,680.0
7548300731,8/8/2014,559950.0,3,2.5,1660,1458,3.0,3,9,1660,0.0,2014,98144,1660,1784,2988 days 14:04:55.990150,220,1.2,0.0,0,-326,1660.0
8925100390,4/6/2015,1040000.0,3,1.75,1900,9375,1.0,4,8,1330,570.0,1941,98115,2760,9375,29651 days 14:04:55.990150,096,1.7142857142857142,2.3333333333333335,-860,0,760.0
7010700292,10/9/2014,543500.0,3,2.25,1270,2790,1.0,3,7,990,280.0,1970,98199,1920,4000,19059 days 14:04:55.990150,282,1.3333333333333333,3.5357142857142856,-650,-1210,710.0
9485951170,5/22/2014,480000.0,4,2.25,3250,34293,2.0,4,9,3250,0.0,1983,98042,3110,35982,14311 days 14:04:55.990150,142,1.7777777777777777,0.0,140,-1689,3250.0
5437820310,5/23/2014,218000.0,3,1.0,960,9633,1.0,5,6,960,0.0,1982,98022,1080,8610,14676 days 14:04:55.990150,143,3.0,0.0,-120,1023,960.0
582000135,6/22/2014,565000.0,2,1.75,1330,6000,1.0,4,7,960,370.0,1914,98199,1620,6000,39513 days 14:04:55.990150,173,1.1428571428571428,2.5945945945945947,-290,0,590.0
3204800370,12/12/2014,426700.0,3,1.75,2080,7700,1.0,5,7,1600,480.0,1968,98056,1680,7700,19790 days 14:04:55.990150,346,1.7142857142857142,3.3333333333333335,400,0,1120.0
9550204515,9/24/2014,542000.0,2,1.0,890,3060,1.0,3,7,770,120.0,1910,98105,1760,4080,40974 days 14:04:55.990150,267,2.0,6.416666666666667,-870,-1020,650.0
7199330390,6/24/2014,415000.0,3,1.75,1070,8000,1.0,3,7,1070,0.0,1977,98052,1200,7990,16502 days 14:04:55.990150,175,1.7142857142857142,0.0,-130,10,1070.0
6131600060,8/15/2014,214000.0,3,1.0,1200,8316,1.0,4,6,1200,0.0,1953,98002,1200,8316,25268 days 14:04:55.990150,227,3.0,0.0,0,0,1200.0
5379805460,1/21/2015,245000.0,3,1.5,1360,8910,2.0,5,7,1360,0.0,1949,98188,1220,8912,26729 days 14:04:55.990150,021,2.0,0.0,140,-2,1360.0
7212652180,7/1/2014,314500.0,3,2.0,2050,13303,1.0,3,8,2050,0.0,1993,98003,2180,11590,10658 days 14:04:55.990150,182,1.5,0.0,-130,1713,2050.0
6379500640,4/9/2015,1120000.0,3,1.5,3000,5750,2.0,5,9,2000,1000.0,1924,98116,1820,5750,35861 days 14:04:55.990150,099,2.0,2.0,1180,0,1000.0
4315700060,3/3/2015,378000.0,2,2.0,1300,3850,1.0,3,7,800,500.0,1963,98136,950,5500,21616 days 14:04:55.990150,062,1.0,1.6,350,-1650,300.0
3329500060,7/28/2014,305000.0,4,2.5,2250,9091,1.0,3,7,1340,910.0,1982,98001,1540,7802,14676 days 14:04:55.990150,209,1.6,1.4725274725274726,710,1289,430.0
4140090320,3/20/2015,595000.0,5,2.75,3740,6750,1.0,4,8,1980,1760.0,1978,98028,2620,7920,16137 days 14:04:55.990150,079,1.8181818181818181,1.125,1120,-1170,220.0
9385200045,5/12/2015,729500.0,3,2.5,1660,1091,3.0,3,9,1530,130.0,2015,98116,1510,1352,2623 days 14:04:55.990150,132,1.2,11.76923076923077,150,-261,1400.0
7852180340,9/30/2014,430000.0,3,2.5,2360,6699,2.0,3,7,2360,0.0,2003,98065,2360,4744,7006 days 14:04:55.990150,273,1.2,0.0,0,1955,2360.0
2490200320,3/20/2015,545000.0,3,1.75,1680,6200,1.5,3,7,1680,0.0,1916,98136,1680,5100,38783 days 14:04:55.990150,079,1.7142857142857142,0.0,0,1100,1680.0
2218000335,7/7/2014,530000.0,3,1.75,1320,2500,1.0,3,7,870,450.0,1918,98105,1580,2750,38052 days 14:04:55.990150,188,1.7142857142857142,1.9333333333333333,-260,-250,420.0
922049078,11/18/2014,157000.0,1,1.0,870,26326,1.0,3,6,870,0.0,1939,98198,1250,10608,30382 days 14:04:55.990150,322,1.0,0.0,-380,15718,870.0
2586800270,4/7/2015,425000.0,4,1.0,1260,7645,1.5,3,6,1260,0.0,1925,98146,1170,7649,35495 days 14:04:55.990150,097,4.0,0.0,90,-4,1260.0
4338800370,11/17/2014,220000.0,3,1.0,1000,6020,1.0,3,6,1000,0.0,1944,98166,1300,8640,28556 days 14:04:55.990150,321,3.0,0.0,-300,-2620,1000.0
7214700350,11/24/2014,521000.0,4,1.75,2020,36400,1.0,4,8,1550,470.0,1976,98077,2520,38255,16868 days 14:04:55.990150,328,2.2857142857142856,3.297872340425532,-500,-1855,1080.0
3226200105,5/23/2014,325000.0,3,1.0,1920,6862,1.0,3,7,1120,800.0,1952,98118,2000,6900,25634 days 14:04:55.990150,143,3.0,1.4,-80,-38,320.0
2324039036,4/3/2015,597500.0,3,2.0,2150,5400,1.5,4,7,1380,770.0,1911,98126,1940,6500,40609 days 14:04:55.990150,093,1.5,1.7922077922077921,210,-1100,610.0
7849202231,7/23/2014,337000.0,3,2.5,1470,3976,2.0,3,7,1470,0.0,1999,98065,1490,4400,8467 days 14:04:55.990150,204,1.2,0.0,-20,-424,1470.0
5196410260,4/22/2015,1000000.0,3,2.5,3180,10492,2.0,3,1,3180,0.0,1991,98052,3000,9812,11389 days 14:04:55.990150,112,1.2,0.0,180,680,3180.0
3760500116,11/20/2014,3070000.0,3,2.5,3930,55867,1.0,4,8,2330,1600.0,1957,98034,2730,26324,23807 days 14:04:55.990150,324,1.2,1.45625,1200,29543,730.0
2985800030,5/7/2014,495000.0,3,1.0,990,6000,1.0,3,6,990,0.0,1943,98105,1250,6000,28921 days 14:04:55.990150,127,3.0,0.0,-260,0,990.0
259900160,1/2/2015,748000.0,4,3.5,2770,3330,2.0,3,8,1970,800.0,2001,98052,2180,3380,7736 days 14:04:55.990150,002,1.1428571428571428,2.4625,590,-50,1170.0
708000030,9/2/2014,888000.0,3,1.5,1250,8710,1.0,4,7,1250,0.0,1953,98004,1750,9185,25268 days 14:04:55.990150,245,2.0,0.0,-500,-475,1250.0
192460310,3/24/2015,269900.0,3,1.75,1140,22267,1.0,3,7,1140,0.0,1986,98045,1150,15625,13215 days 14:04:55.990150,083,1.7142857142857142,0.0,-10,6642,1140.0
9412200260,11/13/2014,496500.0,4,2.5,2250,14440,1.0,3,7,1550,700.0,1967,98027,2090,11400,20155 days 14:04:55.990150,317,1.6,2.2142857142857144,160,3040,850.0
1062100116,1/21/2015,475000.0,3,2.5,1640,5097,2.0,3,7,1640,0.0,1969,98155,1880,6000,19424 days 14:04:55.991147,021,1.2,0.0,-240,-903,1640.0
6798100662,5/27/2014,312000.0,3,1.5,1255,1374,3.0,3,7,1255,0.0,2004,98125,1307,1232,6641 days 14:04:55.991147,147,2.0,0.0,-52,142,1255.0
2525500260,11/24/2014,331000.0,3,1.75,1300,9079,1.0,3,7,1300,0.0,1986,98059,1890,7369,13215 days 14:04:55.991147,328,1.7142857142857142,0.0,-590,1710,1300.0
6145600041,5/14/2014,306000.0,3,1.5,1220,1086,3.0,3,8,1220,0.0,2007,98133,1220,1422,5545 days 14:04:55.991147,134,2.0,0.0,0,-336,1220.0
3300701615,9/30/2014,655000.0,4,2.5,2630,4000,3.0,3,8,2630,0.0,2002,98117,1640,4000,7371 days 14:04:55.991147,273,1.6,0.0,990,0,2630.0
5151600340,7/9/2014,290000.0,3,1.5,1950,15954,1.0,4,8,1950,0.0,1959,98003,1940,12667,23077 days 14:04:55.991147,190,2.0,0.0,10,3287,1950.0
7613700521,8/2/2014,1250000.0,4,3.25,3160,5000,2.0,5,9,2360,800.0,1965,98105,2220,4000,20885 days 14:04:55.991147,214,1.2307692307692308,2.95,940,1000,1560.0
2710600045,6/16/2014,460000.0,3,1.75,1550,4708,1.0,4,7,860,690.0,1949,98115,1880,5600,26729 days 14:04:55.991147,167,1.7142857142857142,1.2463768115942029,-330,-892,170.0
6067910030,3/16/2015,664000.0,4,2.75,2510,11880,1.0,5,8,1630,880.0,1978,98006,2390,11211,16137 days 14:04:55.991147,075,1.4545454545454546,1.8522727272727273,120,669,750.0
1959701890,7/29/2014,865000.0,4,1.75,1800,4180,2.0,4,8,1800,0.0,1921,98102,2180,4620,36956 days 14:04:55.991147,210,2.2857142857142856,0.0,-380,-440,1800.0
1402200340,8/13/2014,385000.0,3,1.75,1800,18000,1.0,3,8,1200,600.0,1968,98058,1800,18000,19790 days 14:04:55.991147,225,1.7142857142857142,2.0,0,0,600.0
3558900070,7/18/2014,497000.0,3,2.25,1870,9315,1.0,3,7,1350,520.0,1975,98034,2230,9579,17233 days 14:04:55.991147,199,1.3333333333333333,2.5961538461538463,-360,-264,830.0
7846700310,6/23/2014,280000.0,2,1.0,1010,3000,1.0,4,7,1010,0.0,1925,98045,1150,7000,35495 days 14:04:55.991147,174,2.0,0.0,-140,-4000,1010.0
3348401740,1/27/2015,188000.0,2,1.5,1120,17487,1.0,3,6,1120,0.0,1924,98178,1690,8056,35861 days 14:04:55.991147,027,1.3333333333333333,0.0,-570,9431,1120.0
3013300288,9/30/2014,478500.0,3,1.0,2090,4755,1.0,3,8,1200,890.0,1969,98136,1850,5300,19424 days 14:04:55.991147,273,3.0,1.348314606741573,240,-545,310.0
